1812 3184
406 196 472 237 DE
501 195 945 247 TRANQUILLITATE
975 197 1138 239 ANIMI.
1198 199 1263 239 IX.
1470 198 1552 245 241

107 306 300 351 hibetur!
327 307 432 350 malo
463 308 609 352 malum
638 310 861 367 opponitur.
929 310 1224 353 Adsuescamus
1255 324 1353 367 ergo
1386 324 1556 356 coenare

107 376 226 432 possse
255 375 343 418 sine
371 377 514 434 populo
538 384 579 420 et
600 378 729 420 seruis
754 378 1003 435 paucioribus
1025 379 1168 421 seruiri
1194 386 1235 421 et
1255 386 1389 421 uestes
1414 393 1554 436 parare

104 443 147 486 in
165 443 268 500 quod
287 443 474 487 inuentae
495 453 602 498 sunt,
635 446 812 488 habitare
835 446 1090 488 contractius.
1128 458 1130 460 ·
1150 445 1247 488 Non
1267 446 1306 488 in
1326 460 1446 489 cursu
1465 453 1552 489 tan·

104 517 186 553 tum
209 511 381 568 circique
409 514 625 556 certamine
639 544 651 566 ,
692 514 764 555 sed
781 514 822 554 in
843 513 903 554 his
922 514 1057 569 spatiis
1081 517 1184 556 uitae
1203 513 1371 556 interius
1391 515 1552 556 flecten-

105 580 196 622 dum
213 586 290 622 est.
352 578 582 623 Studiorum
603 593 757 636 quoque
778 595 878 635 quae
896 581 1170 625 liberalissima
1190 582 1356 638 inpensa
1375 589 1437 624 est
1453 588 1552 624 tam—
1569 596 1586 624 4

105 646 171 690 diu
193 647 387 690 rationem
409 648 526 690 habet
547 647 730 704 quamdiu
750 648 922 689 modum.
986 647 1076 704 Quo
1099 649 1407 695 innumerabiles
1431 649 1554 692 libros

0 713 9 777 ξ
105 721 146 757 et
177 710 434 757 bibliothecas
467 729 630 771 quarum
663 715 843 756 dominus
876 715 948 756 uix
976 722 1058 757 tota
1086 717 1165 758 uita
1188 717 1338 759 indices
1361 717 1555 773 perlegit?

2 790 4 795 '
104 779 258 825 Onerat
278 781 494 825 discentem
516 781 655 835 turba,
687 797 767 824 non
789 781 970 824 instruit:
1004 785 1202 840 multoque
1225 785 1349 826 satius
1374 791 1437 827 est
1459 798 1554 841 pau·

103 849 165 892 cis
182 856 222 892 te
243 849 469 892 auctoribus
488 851 646 893 tradere
671 865 784 906 quam
810 864 945 892 errare
967 865 1039 907 per
1058 852 1218 894 multos.
1281 850 1555 908 Quadraginta

102 917 211 960 milia
229 917 419 960 librorum
439 917 711 961 Alexandriae
735 926 940 971 arserunt,
971 919 1274 976 pulcherrimum
1295 920 1433 975 regiae
1456 934 1552 976 opu-

103 985 248 1028 lentiae
270 994 580 1028 monumentum.
640 986 739 1028 alius
759 986 1000 1043 laudauerit,
1033 987 1135 1029 sicut
1155 995 1196 1029 et
1212 985 1355 1029 Liuius
1380 987 1446 1043 qui
1467 988 1552 1030 ele-

99 1054 281 1110 yantiae
306 1067 457 1110 reyum
488 1067 704 1110 curaeque
730 1056 948 1110 eyreyiecm
970 1055 1017 1096 id
1039 1069 1148 1110 opus
1169 1055 1225 1096 ait
1243 1054 1395 1114 sitisse.
1451 1054 1549 1097 Non
1564 1064 1583 1091 ⁵

107 1120 180 1163 fuit
197 1121 393 1178 elegantia
413 1121 505 1164 illud
528 1129 596 1163 aut
618 1136 728 1175 cura,
762 1122 832 1164 sed
853 1122 1028 1164 studiosa
1047 1122 1227 1165 luxuria:
1259 1123 1378 1164 immo
1398 1136 1448 1164 ne
1467 1129 1551 1165 stu-

106 1188 215 1232 diosa
233 1189 404 1245 quidem,
437 1189 620 1245 quoniam
642 1204 723 1231 non
745 1189 783 1231 in
807 1190 992 1243 studium,
1025 1191 1092 1231 sed
1111 1191 1152 1232 in
1172 1191 1437 1247 spectaculum
1458 1205 1554 1232 con-

105 1263 364 1313 parauerant,
405 1256 509 1298 sicut
528 1256 726 1313 plerisque
747 1257 897 1312 ignaris
920 1258 1036 1299 etiam
1058 1258 1259 1299 seruilium
1282 1258 1485 1300 literarum
1507 1258 1554 1300 li-

103 1323 164 1367 bri
197 1338 278 1366 nou
314 1323 533 1366 studiorum
572 1323 858 1376 instrumenta,
903 1325 972 1366 sed
1008 1325 1285 1367 coenationum
1322 1333 1555 1368 ornamenta

104 1399 211 1435 sunt.
269 1389 442 1434 Paretur
459 1391 593 1447 itaque
614 1391 804 1434 librorum
826 1399 1014 1448 quantum
1038 1393 1134 1434 satis
1157 1393 1224 1444 sit,
1257 1392 1353 1434 nihil
1374 1393 1416 1434 in
1437 1393 1554 1449 adpa-

0 329 9 386 vsa-a.

0 394 9 457 ω-,γ

105 1486 191 1516 —et
214 1488 294 1515 ante
314 1492 421 1516 rerum
440 1483 569 1515 eversio.
615 1480 674 1516 P3.
695 1498 741 1512 =
759 1493 808 1516 re-

106 1538 181 1561 rum
191 1538 213 1561 v
221 1530 316 1562 ersio
339 1539 404 1561 om.
418 1531 454 1560 et.
479 1529 550 1562 Ort.
561 1542 608 1557 =
616 1538 721 1561 rerum
733 1540 751 1570 q
761 1539 783 1561 u
793 1539 808 1561 e

106 1575 234 1606 eversio.
278 1571 394 1606 1²4.=
406 1574 534 1606 etiam
553 1583 659 1606 rerum
681 1576 808 1607 eversio.

107 1617 241 1651 VPinc.
258 1617 326 1650 v.l.
343 1631 394 1650 ω.
453 1618 515 1650 GD
531 1619 616 1661 (sm)
634 1619 661 1650 E
682 1633 728 1647 =
750 1621 808 1651 As-

108 1673 196 1696 suesc
206 1673 227 1695 a
235 1672 268 1695 m
289 1662 337 1708 [G
349 1675 396 1696 cr.
419 1672 442 1694 a
450 1662 482 1705 ε]
507 1672 590 1705 erqo.
635 1664 668 1695 V
679 1670 724 1692 ..—;
735 1674 808 1704 pos-

108 1718 141 1741 se
162 1717 304 1741 coenare.
361 1709 389 1741 Ε
401 1707 460 1751 (ιι.)
484 1721 531 1736 =
553 1718 630 1741 cena
639 1710 676 1740 ri
708 1718 807 1750 posse.

111 1753 214 1796 G(n.)
234 1754 262 1786 E
278 1757 313 1792 -4-
329 1757 367 1786 et
385 1754 600 1794 paucioribus.
663 1754 693 1786 G
706 1757 751 1798 (n.
754 1753 766 1794 )
779 1754 808 1785 Α

108 1800 305 1832 =servire.
374 1799 401 1831 B
424 1812 470 1826 =
490 1808 610 1838 parare
636 1799 806 1840 inquid.

109 1841 214 1877 Pza.
226 1842 298 1876 Col.
305 1847 340 1882 -l-
354 1847 392 1876 et
409 1844 562 1875 habitare.
610 1841 672 1875 GD
687 1847 746 1887 (cr.
754 1844 806 1884 ω)

108 1885 397 1922 EP4.0rt.Sm1
410 1903 456 1916 ==
473 1890 642 1929 tritoque
667 1889 808 1931 [mG=

109 1935 186 1967 circi
210 1935 234 1965 1’
254 1943 271 1966 s
280 1935 306 1976 i]
331 1935 508 1967 certamine.
556 1933 615 1966 P2.
627 1932 660 1967 3.
678 1933 749 1966 Col.
761 1949 808 1962 =

110 1989 127 2012 c
136 1989 153 2012 e
161 1989 179 2012 r
187 1980 219 2011 t·
207 1989 220 2011 ι
229 1988 288 2020 que
309 1980 486 2012 certamine.
533 1979 657 2013 ..⁰223—
610 2001 657 2006 —
675 1981 808 2020 circique

110 2027 237 2057 certam
246 2033 262 2056 e
273 2034 304 2056 n.
328 2022 392 2060 al.
404 2023 438 2058 2.
460 2041 501 2048 —
526 2024 575 2056 his
596 2030 675 2056 ante
696 2026 810 2064 spatiis

113 2074 230 2101 contra
252 2074 357 2101 mstos
378 2067 478 2101 etiam
499 2067 591 2100 Pine.
619 2070 676 2101 BA
692 2084 740 2098 =
760 2071 810 2102 in·

110 2115 207 2146 terius
229 2115 448 2155 flectentium
470 2116 523 2145 est.

157 2155 190 2191 4.
218 2158 250 2190 G
260 2173 306 2187 =
317 2159 341 2192 S
351 2162 417 2191 tra
427 2169 442 2191 c
451 2161 554 2191 torum
573 2169 702 2201 quoque.
750 2160 810 2192 Ex.

112 2203 190 2236 Fac.
198 2209 234 2236 et
241 2202 387 2236 Prim.—
398 2213 479 2245 quae
489 2210 568 2236 ante
578 2207 810 2238 liberalissima.

112 2250 140 2282 E
151 2263 198 2278 =
207 2258 289 2290 quae
310 2250 474 2282 liberalis
496 2251 579 2281 iam
602 2250 753 2290 impensa.

157 2296 311 2327 rationem
333 2295 450 2328 habet
472 2309 518 2322 =
539 2295 687 2327 BVADE
700 2295 757 2327 G1.
779 2297 811 2331 z

113 2340 230 2376 ..6.
294 2339 543 2372 G=rationem
556 2341 726 2373 haberet.
753 2341 811 2373 Ex.

113 2385 193 2418 Fac.
217 2389 253 2416 et
282 2383 381 2417 Prim.
403 2400 448 2414 =
470 2387 624 2417 rationem
665 2386 750 2418 habe
759 2389 812 2418 nt.

113 2429 205 2463 Pine-
223 2428 263 2462 ci
283 2430 352 2465 ‘m
389 2431 525 2466 380-
479 2444 525 2452 -·-
535 2432 688 2463 rationem
711 2432 772 2463 hab
782 2440 814 2463 e-

116 2476 172 2507 bo.
218 2474 278 2507 1²2.
294 2478 328 2513 -l-
345 2453 442 2516 qimm
469 2477 526 2508 diu
549 2477 689 2508 modum.
737 2477 764 2508 R
775 2486 789 2508 e
800 2493 814 2500 -

114 2519 430 2561 prehensibilis
459 2530 560 2553 vero
582 2522 620 2553 si
641 2522 815 2553 excedit

116 2574 148 2597 m
159 2574 177 2596 o
185 2564 207 2596 d
217 2573 239 2595 ιι
247 2573 291 2596 m.

164 2610 234 2650 Quo
246 2610 488 2642 innumerabiles
501 2611 595 2640 libros
605 2623 651 2636 =
662 2609 794 2641 BGVA.

116 2655 178 2688 DE
204 2657 241 2692 -l-
267 2654 335 2694 Quo
356 2663 378 2694 p
387 2663 403 2686 e
411 2663 428 2686 r
450 2655 692 2686 innumerabiles
714 2655 817 2686 libros.

119 2700 187 2736 358
203 2702 239 2738 -l-
254 2700 297 2731 in
317 2708 379 2740 quo
395 2700 516 2731 innum-
529 2700 634 2730 libros.
683 2696 746 2733 m.
759 2721 770 2733 .
783 2721 795 2733 .
808 2719 818 2732 .

119 2746 173 2780 {30
190 2747 225 2783 -l-
245 2745 313 2784 Quo
341 2745 442 2776 mihi
464 2745 584 2776 innam.
608 2744 714 2775 libros.
752 2744 819 2778 2398

118 2804 166 2819 ==
187 2798 324 2832 quarum
357 2790 502 2821 dictis.
563 2789 590 2820 E
614 2792 650 2827 ÷
674 2789 821 2821 dominus

120 2837 143 2868 d
154 2837 207 2868 im
215 2836 227 2867 i
235 2835 259 2866 d
267 2836 279 2866 i
288 2844 310 2866 u
318 2844 350 2867 m
370 2835 437 2866 vix.

190 2889 327 2918 Senecae
345 2897 393 2925 op.
412 2887 460 2917 ed.
480 2887 603 2917 Fickert
621 2887 672 2916 111.

899 1486 965 1516 tota
992 1485 1059 1516 vila
1080 1485 1198 1516 indices
1217 1483 1550 1524 1›erle9it=BGAD.

853 1530 917 1561 mA
932 1544 978 1557 =
995 1530 1178 1562 Indices.
1210 1530 1250 1561 idr
1269 1532 1322 1561 est.
1358 1531 1550 1561 litteras.

853 1575 938 1606 E=
953 1578 1017 1607 lota
1040 1576 1108 1606 vita
1129 1576 1266 1607 iudices
1290 1576 1318 1616 (s
1336 1573 1492 1615 perlegit).
1519 1574 1552 1608 z

853 1621 887 1654 §13
901 1635 948 1648 =
963 1623 1026 1651 tola
1047 1621 1115 1651 vila
1136 1629 1213 1651 sua
1236 1620 1382 1651 codices
1402 1620 1483 1659 perl.
1519 1617 1552 1650 V

858 1669 891 1703 -ξ-
919 1669 984 1697 tola
1015 1674 1031 1695 s
1043 1675 1063 1695 ιι
1073 1674 1094 1695 α
1128 1666 1196 1696 vita
1219 1665 1336 1696 indices
1355 1665 1437 1703 perl-
1486 1662 1551 1697 (³:11.

879 1732 888 1744 0
903 1733 913 1745 0
926 1711 979 1745 ffio
995 1713 1030 1747 —l-
1047 1712 1112 1740 tota
1134 1711 1200 1740 vita
1232 1718 1310 1740 sua
1333 1710 1451 1740 indices
1471 1708 1550 1748 perl-

853 1755 878 1786 Β
900 1770 945 1783 =
968 1756 1085 1787 Onerat
1107 1754 1346 1786 discedentem
1366 1754 1474 1785 turba.
1520 1751 1552 1785 V

858 1804 892 1838 4-
908 1802 1001 1833 turba
1023 1800 1242 1831 librorum.

900 1845 1210 1885 Quadrayinta
1231 1845 1322 1883 milia
1342 1844 1551 1875 librorum=

853 1899 1107 1933 stADsGr.
1134 1900 1186 1933 π
1221 1899 1293 1933 sm
1319 1899 1417 1942 (ΑΞ
1427 1890 1487 1940 §T
1515 1901 1555 1931 ιι·

853 1959 998 1990 brorum.-
1032 1954 1160 1998 virgula
1189 1954 1392 1998 superducta
1423 1955 1554 1999 signifi-

855 2008 909 2035 cat
929 2012 1102 2033 numerum
1134 1998 1353 2039 millenarium
1376 2006 1410 2033 et
1434 2000 1554 2044 negle-

856 2053 910 2080 cta
932 2057 1032 2089 saepe
1064 2045 1129 2077 fuit
1151 2056 1268 2085 causa,
1306 2056 1363 2076 cur
1387 2045 1555 2078 excideret

854 2104 921 2125 vox
932 2093 1044 2124 millia.
1069 2090 1112 2123 cf.
1128 2090 1232 2121 Gron.
1247 2089 1290 2121 ad
1300 2089 1374 2121 Liv
1387 2090 1553 2130 XXXIV,

857 2137 910 2177 10,
933 2135 994 2179 4.).
1042 2137 1146 2178 Bong.
1159 2150 1205 2162 =
1218 2136 1441 2176 Quadraginta
1461 2137 1556 2168 libro-

854 2192 937 2216 rum.
983 2180 1073 2213 Pinc.
1087 2180 1125 2213 ci.
1139 2182 1160 2215 5}
1175 2203 1186 2215 0
1199 2203 1209 2215 0
1223 2202 1233 2214 0
1245 2181 1299 2215 230
1310 2194 1355 2207 =
1366 2182 1556 2220 Quadrin-

854 2239 873 2269 9
884 2237 928 2260 en
940 2231 951 2259 t
962 2236 984 2258 a
1006 2228 1110 2258 millia
1130 2227 1290 2258 librorum.
1324 2226 1351 2257 E
1363 2240 1408 2253 =
1418 2227 1556 2258 Alexan-

857 2275 879 2305 d
889 2274 927 2305 ri
957 2281 1001 2304 as
1011 2282 1026 2303 s
1035 2275 1135 2304 erunt.

902 2330 981 2361 sicut
1001 2338 1018 2361 e
1030 2331 1040 2359 t
1062 2329 1174 2360 Livius
1185 2341 1231 2355 =
1244 2326 1395 2358 BGADE
1408 2327 1490 2361 358.

857 2373 954 2409 Vffl.
970 2396 979 2407 .
995 2396 1006 2407 .
1019 2395 1028 2406 .
1042 2374 1096 2407 280
1108 2391 1146 2397 -
1162 2376 1201 2405 et.
1247 2371 1400 2415 D(cr.oe)
1415 2380 1558 2403 =cur·

855 2429 897 2452 re
921 2419 1088 2460 egregium.

905 2474 938 2507 5.
962 2475 987 2505 Β
1000 2476 1111 2506 =sed
1132 2475 1287 2511 studium
1311 2474 1452 2507 luxuria.
1474 2471 1559 2506 V=

859 2530 930 2554 nec
963 2521 1105 2552 studiosa
1127 2530 1156 2560 q.
1203 2519 1229 2550 B
1254 2531 1299 2546 ==
1321 2518 1479 2558 quidam.
1529 2517 1559 2549 G

860 2583 903 2590 —
924 2566 958 2597 in
982 2570 1060 2596 ante
1086 2566 1235 2597 studium.
1282 2563 1342 2595 DE
1364 2577 1410 2590 =
1433 2571 1561 2602 compa-

861 2619 983 2642 ravera
993 2613 1014 2641 t.
1061 2609 1131 2644 9131.
1143 2631 1155 2643 .
1168 2632 1178 2644 .
1190 2632 1200 2643 .
1214 2610 1268 2644 §Bo
1291 2622 1335 2635 =
1355 2616 1561 2647 comparave-

861 2664 879 2686 r
890 2665 911 2686 u
920 2657 953 2686 nt
974 2660 1091 2686 contra
1111 2661 1228 2685 mstos.
1263 2653 1290 2684 E
1301 2666 1346 2680 =
1355 2653 1452 2692 pleris
1469 2653 1561 2692 i9na-

862 2700 907 2731 ris
940 2708 1006 2730 om.
1036 2708 1105 2739 que.
1151 2699 1179 2730 E
1200 2712 1245 2726 =
1265 2698 1440 2730 studiorum
1474 2698 1509 2728 el
1520 2706 1536 2729 e
1548 2714 1561 2721 -

864 2746 1014 2775 menta.
1060 2743 1090 2775 V
1101 2758 1144 2770 =
1155 2746 1306 2784 quantum
1334 2743 1374 2775 sit
1396 2742 1483 2774 salis.
1531 2741 1562 2772 V

865 2786 924 2821 P2.
938 2786 972 2820 3.
995 2787 1065 2820 Col.
1087 2789 1159 2820 Ort.
1172 2789 1304 2820 =m⁶hil
1326 2789 1361 2820 in
1383 2789 1563 2827 apparatu

866 2831 936 2876 (Ρῖ.
947 2830 980 2866 3.
995 2832 1067 2866 Col.
1079 2833 1162 2866 haec
1173 2831 1331 2878 proximis
1355 2830 1562 2875 adnectunt).

1228 2878 1281 2921 16
