1800 3190
272 212 331 255 Vl
619 210 625 217 '
843 211 1135 252 PRAEFATIO.

275 327 315 362 et
336 318 392 363 Il.
425 320 588 375 scripsi,
629 321 691 362 hic
718 327 899 377 repetere
928 322 1181 377 supersedeo.
1241 321 1381 364 Adiice
1411 329 1569 376 tamen,
1601 323 1706 379 quod

278 397 472 440 Gruterus
498 398 538 439 in
560 398 670 439 libris
692 398 739 440 de
759 397 1027 449 Providentia,
1060 398 1107 440 de
1129 396 1378 452 Constantia,
1410 401 1459 442 de
1474 399 1567 443 Vita
1580 397 1708 442 Beata

275 482 433 531 praeter
442 474 515 517 P2.
530 482 568 517 5.
583 481 621 517 4.
637 473 726 518 Col.
741 490 836 517 usus
853 483 915 517 est
934 476 1067 517 codice
1080 475 1301 529 Orteliano,
1316 476 1356 519 V
1369 490 1456 519 meo
1470 477 1586 520 simili
1605 478 1704 520 fere.

278 551 505 596 Gronovius
532 559 660 594 autem
681 567 968 608 nonnumquam
991 554 1122 595 laudat
1143 554 1229 595 cod.
1256 553 1583 607 Bruxellensem,
1615 569 1707 598 raro

277 631 353 671 duo
373 629 675 672 Bruxellenses.
733 629 948 673 Praeterea
970 632 1010 672 in
1036 631 1182 683 libello,
1216 632 1279 687 qui
1301 633 1348 673 de
1367 630 1624 674 Providentia
1643 645 1710 674 so-

276 708 330 749 let
352 707 539 761 inscribi,
571 706 622 749 B.
649 707 703 749 A.
724 707 910 764 Nauta*)
929 709 1092 751 duorum
1116 709 1228 750 codd.
1252 707 1574 764 Lugdunensium
1597 707 1709 764 (Fu)

276 785 487 841 scripturas
512 786 737 841 proposuit,
770 800 933 840 quorum
960 787 1059 828 alter
1081 786 1172 827 olim
1202 787 1329 827 fuerat
1351 784 1496 827 Franc.
1520 785 1706 838 Fabricii,

277 861 378 903 alter
402 860 459 903 Is.
478 861 639 904 Vossii:
672 863 733 904 hic
757 877 843 904 cum
878 877 965 904 meo
994 877 1020 917 g
1046 863 1147 904 solet
1173 862 1396 904 consentire
1427 856 1470 904 et
1493 863 1617 906 altero
1648 870 1710 906 est

277 939 389 994 paulo
418 940 605 981 deterior.

390 1061 455 1102 Ad
481 1061 695 1103 Naturales
718 1060 979 1116 Quaestiones
1010 1060 1271 1102 emendandas
1301 1060 1454 1103 adhibui
1484 1067 1566 1104 tres
1587 1061 1708 1104 libros

278 1144 415 1179 mstos.
476 1138 529 1180 Hi
558 1146 671 1181 sunt:

388 1224 422 1267 I.
454 1225 757 1282 Bambergensis
782 1225 855 1278 (B)
879 1225 954 1278 [M.
978 1224 1054 1267 IV.
1073 1230 1139 1265 16.
1168 1222 1286 1264 Iaeck
1306 1222 1364 1265 N.
1380 1224 1526 1276 1089]
1540 1219 1705 1269 membr.

276 1315 360 1343 sec.
384 1301 463 1343 XI.
487 1304 568 1344 foll.
594 1309 664 1344 69.
690 1302 766 1344 col.
792 1309 831 1344 1.
857 1303 953 1344 linn.
972 1308 1042 1344 58.
1066 1300 1155 1343 Fol.
1199 1305 1356 1339 Continet
1375 1313 1510 1349 praeter
1529 1306 1594 1341 alia
1611 1308 1707 1342 Nate.

278 1379 428 1419 Quaestt.
448 1382 593 1413 Senecae
615 1380 676 1414 fol.
693 1378 716 1413 9
728 1380 837 1414 -45.
884 1380 978 1413 Libri
998 1381 1057 1413 111.
1082 1390 1153 1423 cap.
1176 1376 1229 1411 18.
1251 1377 1373 1421 legitur
1393 1384 1471 1421 post
1491 1389 1564 1422 cap.
1586 1377 1642 1412 13.
1659 1378 1707 1412 li-

276 1444 327 1477 bri
349 1447 405 1479 1V.
451 1449 482 1479 A
500 1447 609 1480 verbis
629 1450 808 1489 efferantur,
830 1449 985 1488 quaedam
1007 1448 1066 1488 111,
1089 1445 1144 1487 25,
1169 1444 1201 1477 5.
1225 1455 1327 1488 usque
1348 1443 1392 1477 ad
1413 1445 1470 1486 lv,
1484 1443 1507 1478 2
1527 1455 1578 1478 ex.
1598 1436 1708 1479 omnia

277 1511 420 1544 omittit:
446 1513 567 1546 deinde
590 1513 661 1546 aliis
680 1525 809 1557 quoque
832 1513 914 1546 locis
937 1519 988 1546 est
1008 1513 1176 1546 mutilatus
1198 1519 1255 1545 aut
1276 1511 1508 1556 interpolatus.
1554 1511 1708 1546 Ceterum

276 1578 458 1611 concordat
481 1590 554 1613 cum
572 1579 762 1613 Britannico
787 1579 947 1613 Gronovii
973 1580 1079 1624 (Brit.)
1093 1580 1142 1624 **)
1167 1585 1201 1612 et
1221 1578 1400 1612 Nicotiano
1428 1577 1598 1623 Opsopoei
1629 1578 1709 1623 (Ni-

276 1639 357 1687 cot.)
371 1669 380 1685 ,
415 1656 497 1689 quos
518 1646 685 1690 inspectos
703 1646 813 1690 potius
836 1646 955 1678 dixeris
978 1657 998 1679 a
1020 1646 1098 1679 viris
1121 1645 1228 1678 doctis
1251 1656 1348 1689 quam
1372 1644 1523 1677 collatos.
1568 1643 1707 1678 Lauda-

275 1709 325 1742 v'it
345 1713 538 1755 Opsopoeus
568 1712 669 1745 etiam
699 1712 848 1745 codicem
879 1711 1113 1744 Memmianum
1138 1710 1298 1755 (Merum.)
1323 1710 1503 1743 Nicetiano
1530 1715 1706 1753 praestan-

274 1775 395 1808 tiorem
424 1788 487 1810 nec
519 1778 710 1810 dissimilem
731 1788 807 1810 meo
828 1778 868 1809 E.
914 1776 1022 1809 Multo
1043 1782 1154 1808 autem
1175 1775 1303 1818 saepius
1325 1774 1495 1818 scripturis
1514 1774 1622 1808 allatis
1644 1787 1708 1808 co-

275 1841 385 1874 dicum
407 1843 541 1876 nomina
564 1843 715 1875 reticuit:
738 1849 810 1875 tum
830 1842 946 1885 scripsi
967 1842 1042 1875 cod.
1065 1844 1144 1885 Ops.
1169 1847 1226 1873 aut
1246 1840 1345 1873 codd.
1367 1842 1444 1883 Ops.
1457 1864 1466 1881 ,
1490 1846 1592 1884 prout
1612 1840 1708 1874 unius

274 1900 351 1939 libri
370 1914 441 1940 erat
462 1909 623 1953 scriptura
646 1915 703 1941 aut
725 1908 915 1948 amborum,
939 1919 1007 1941 non
1029 1907 1176 1940 imitatus
1198 1906 1396 1947 Gruterum,
1420 1906 1476 1950 qui
1497 1906 1578 1940 satis
1599 1906 1708 1940 auda-

276 1979 346 2005 cter
366 1973 438 2016 ipsa
461 1975 594 2008 nomina
616 1975 785 2008 Nicotiani
809 1981 843 2007 et
865 1974 1057 2007 Memmiani
1079 1973 1258 2006 substituit.
1304 1972 1414 2005 Etiam
1443 1973 1706 2008 Matth.‘Fortu-

274 2039 344 2071 nati
369 2040 467 2074 codd.
495 2042 621 2083 (Fort.)
648 2041 858 2074 consentiunt
880 2041 1072 2085 plerumque
1096 2052 1169 2102 cum
1192 2041 1218 2072 B
1241 2050 1335 2072 meo:
1361 2038 1429 2071 eius
1452 2044 1529 2071 aute
1548 2038 1704 2071 meditio-

273 2117 348 2137 nem
374 2107 475 2149 (apud
494 2108 614 2140 Aldum
637 2106 735 2151 1522)
762 2120 835 2140 cum
858 2119 925 2140 non
948 2103 1116 2151 haberem,
1140 2105 1270 2139 laudavi
1293 2105 1358 2138 fide
1373 2103 1507 2138 Gruteri
1527 2110 1585 2150 ant
1596 2105 1707 2149 Opao-

273 2172 350 2214 poei
373 2178 473 2217 atque
495 2186 555 2217 per
577 2176 665 2210 {Dian
688 2174 812 2207 notavi.

363 2238 547 2283 Scripturas
572 2240 693 2273 codicis
715 2242 739 2272 B
762 2253 781 2273 a
799 2240 883 2273 Lud.
900 2242 979 2273 Iano
1005 2240 1052 2284 (in
1068 2239 1222 2272 Seebodii
1239 2238 1420 2272 Annalibus
1439 2236 1559 2270 Philol.
1571 2236 1706 2276 XXXI,

275 2305 305 2337 1.
330 2317 364 2348 p.
385 2303 463 2338 261.
485 2307 570 2350 sqq.)
596 2307 718 2350 passim
742 2306 846 2339 editas
877 2306 1020 2339 indicavi
1052 2318 1112 2349 per
1132 2306 1245 2338 Bamb.
1292 2305 1385 2337 Idem
1407 2304 1458 2337 vir
1487 2303 1605 2337 doetus
1631 2302 1655 2335 l·
1677 2314 1706 2336 c.

272 2371 447 2414 proposuit
478 2373 606 2416 aliquot
637 2373 815 2416 scripturas
846 2372 922 2404 libri
947 2371 1231 2415 Wirceburgensis
1244 2396 1255 2412 ,
1290 2370 1522 2414 Bambergensi
1549 2368 1706 2409 melioris,

272 2442 371 2481 atque
394 2438 523 2471 addidit
545 2450 638 2471 suum
661 2439 704 2471 de
736 2438 881 2482 utrisque
909 2438 1085 2478 iudicium,
1131 2437 1241 2480 quod,
1275 2448 1349 2469 cum
1373 2437 1444 2480 ipse
1469 2434 1706 2469 eruditissimus

271 2503 314 2536 sit
341 2511 373 2536 et
396 2505 430 2536 in
454 2507 598 2537 Senecae
620 2504 751 2548 scriptis
774 2504 914 2537 maxime
938 2511 1107 2545 versatus,
1131 2503 1323 2547 plerumque
1348 2502 1411 2534 fuit
1432 2500 1650 2545 probandum.

339 2614 363 2646 *)
382 2612 416 2640 L.
435 2614 508 2641 Ann.
526 2614 662 2642 Senecae
679 2613 770 2642 Liber
788 2614 833 2642 De
850 2613 1065 2647 Providentia,
1091 2612 1164 2639 Sive
1182 2612 1283 2645 Quare
1301 2610 1393 2639 Bonis
1412 2609 1495 2638 Vir-iu
1515 2608 1604 2637 Mala
1619 2607 1704 2635 Δοσί-

272 2667 361 2702 daut,
387 2668 463 2696 Cum
481 2669 528 2696 Sit
543 2669 750 2698 Providentia.
793 2668 977 2703 Recensuit,
1005 2668 1165 2695 Varietate
1182 2665 1354 2701 Lectionis,
1379 2665 1420 2693 Et
1437 2661 1638 2692 Annotatione
1655 2660 1703 2688 ln-

273 2722 380 2752 etruxit
397 2724 432 2751 B.
451 2725 483 2751 Α.
502 2724 615 2752 manta.
649 2724 745 2760 Lugd.
766 2724 801 2752 B.
819 2724 897 2752 1828.

337 2780 378 2812 *Ἴ
395 2779 603 2808 Britannicum
620 2779 741 2808 Erasmi
752 2801 760 2815 ,
779 2781 814 2807 ut
831 2779 869 2807 ab
886 2779 944 2807 hoc
963 2778 1196 2813 distinguerem,
1213 2772 1367 2812 appellavi
1385 2772 1502 2802 Britan.
