1812 3184
524 195 706 238 NATUR.
739 195 949 247 QUAEST.
979 195 1133 244 L113.1‚
1164 200 1204 236 e.
1503 192 1588 238 425

112 300 114 305 ’
141 321 223 353 non
246 313 396 366 potest:
428 307 495 364 qui
513 309 756 365 argumentis
785 308 881 351 nihil
902 308 1007 351 dubii
1026 306 1338 364 relinquentibus
1359 307 1502 349 docent
1521 322 1588 350 so-

140 375 191 420 lie
210 376 316 419 iilam
345 389 437 419 esse
465 377 631 432 effigiem
661 392 740 420 non
767 377 972 420 similem·
1009 376 1154 432 Neque
1168 375 1272 418 enim
1294 375 1425 417 omnia
1446 375 1587 418 aduer-

139 457 210 487 sus
233 443 394 501 specula
415 445 671 501 respondent.
734 443 838 488 Sunt
857 451 959 501 'qnae
990 445 1126 486 uidere
1159 443 1399 485 extimescas
1413 458 1428 484 ε·
1458 443 1587 484 defor-

139 511 276 555 nitate
311 519 421 555 tanta
443 520 664 570 corruptam
693 513 840 561 faeiem¹
859 512 1070 554 uisentium
1102 511 1271 554 reddunt
1295 517 1455 552 seruata
1478 510 1587 552 simi-

141 579 305 622 litudine
337 580 379 622 i'n
409 580 537 637 peius.
567 613 570 616 Δ
612 578 715 622 Sunt
740 593 839 635 quae
869 594 958 620 eum
985 579 1157 631 uideris,
1198 579 1353 635 plaeere
1381 578 1453 619 tibi
1479 578 1587 620 uires
1606 582 1638 609 ¹4

141 646 234 689 tuae
254 647 433 709 possint:
465 647 506 688 iu
528 654 676 688 tantum
695 646 832 688 lacerti
854 653 1038 688 crescunt
1061 653 1100 687 et
1122 646 1241 687 totius
1264 646 1442 702 corporis
1468 647 1588 702 supra

140 713 349 756 humanam
382 713 690 768 magnitudinem
724 713 878 755 habitus
909 720 1091 769 augetur.
1162 711 1266 755 Sunt
1289 727 1389 769 quae
1425 714 1589 755 dextras

139 779 262 823 facies
298 780 529 832 ostendant,
566 788 661 823 sunt
695 787 795 836 quae
829 781 1037 832 sinistras,
1079 787 1171 831 suut
1200 794 1299 836 quae
1331 780 1592 838 detorqueant

139 853 182 890 et
202 854 374 890 uertant.
414 842 542 902 'Quid
573 861 669 904 ergo
698 849 839 890 mirum
869 854 932 890 est
963 847 1154 890 eiusmodi
1187 849 1388 904 speculum
1418 849 1458 890 in
1487 850 1590 891 nube

139 929 295 972 quoque
324 914 411 958 fleri
435 930 519 972 quo
547 916 644 958 solis
665 915 819 972 species
839 915 983 958 uitiosa
1012 916 1229 957 reddatur?
1286 914 1362 958 vl.
1394 914 1508 958 Inter
1525 931 1591 958 ee-

140 988 228 1025 tera
250 990 481 1040 argumenta
504 990 545 1025 et
567 983 642 1025 hoe
663 983 763 1036 erit,
797 983 899 1039 quod
921 997 1128 1039 numquam
1149 984 1276 1026 maior
1294 998 1411 1025 arcus
1433 984 1592 1042 dimidio

141 1049 294 1093 circulo
321 1051 486 1108 adparet
509 1058 550 1094 et
578 1065 626 1094 eo
653 1051 783 1093 minor
808 1058 872 1093 est
897 1066 974 1107 quo
1006 1051 1124 1093 altior
1150 1051 1226 1093 sol.
1286 1050 1341 1094 Ut
1364 1052 1420 1094 ait
1447 1050 1592 1108 Uergi-

141 1117 218 1160 lius
247 1124 400 1172 noster,
1165 1125 1167 1127 ’
1512 1137 1514 1139 >

350 1196 353 1198 ’
619 1186 678 1229 Et
706 1186 809 1230 bibit
838 1187 987 1243 ἔπρεπε

342 1253 505 1307 Arcus,
1026 1260 1029 1263 “

141 1333 232 1363 cum
258 1320 444 1363 adueniat
463 1322 613 1364 imber:
652 1322 722 1364 sed
746 1336 826 1365 non
847 1322 1005 1364 easdem
1028 1323 1300 1380 undecumque
1323 1324 1502 1381 adparuit
1519 1324 1592 1367 mi-

141 1430 204 1475 ΡΑ.
217 1433 290 1468 cot.
310 1436 345 1471 23
358 1457 370 1470 .
382 1436 462 1473 ..(5
482 1450 527 1464 =
544 1437 648 1477 partis
669 1438 771 1477 pilae
794 1444 844 1468 se·
887 1437 985 1470 datur
1003 1452 1049 1465 =
1071 1438 1129 1470 Ee.
1198 1438 1224 1469 B
1236 1451 1280 1465 =
1295 1439 1448 1471 eiusmodi
1471 1447 1592 1479 quoque

142 1482 237 1512 ctae.
285 1478 343 1513 P3.
357 1484 514 1522 =partis
536 1485 569 1514 et
590 1483 692 1522 pilae
714 1484 842 1514 sectae.

143 1524 190 1560 ⁵2³1
204 1547 216 1560 .
227 1547 239 1560 .
250 1547 262 1562 .
274 1525 475 1567 ,fir-partis
497 1537 513 1559 e
533 1528 604 1568 pita
626 1530 750 1559 sectae.

192 1566 247 1603 13.
273 1570 303 1602 G
316 1573 446 1612 (mum)
459 1571 530 1604 Col.
544 1570 645 1607 QOEL
657 1574 766 1612 =qui
789 1581 844 1604 ar-

146 1619 272 1655 gamem
283 1625 305 1647 u
314 1626 358 1648 m.
404 1616 458 1648 BE
470 1615 530 1649 P3.
541 1614 574 1648 4.
591 1628 642 1648 ω.
685 1617 716 1648 G
729 1618 842 1658 (mm)

145 1677 187 1684 —
199 1670 262 1693 non
282 1662 426 1694 similem.

190 1706 235 1738 ad
244 1715 264 1738 v
273 1715 289 1738 e
297 1716 315 1738 r
323 1716 340 1739 s
349 1716 371 1738 u
379 1716 396 1739 a
415 1708 543 1747 specula
564 1708 748 1747 respondent
759 1721 805 1734 =
816 1706 843 1737 B

145 1749 298 1783 EeGGr.
319 1751 682 1788 58...Q>.⁵32....,ff.
751 1751 843 1784 Pinc-

146 1794 187 1828 ei-
213 1796 259 1831 ’R
271 1818 282 1830 .
297 1819 308 1831 .
319 1819 330 1831 .
342 1796 411 1832 ffil.
423 1811 470 1825 =
483 1798 527 1829 ad
548 1806 693 1830 verum
715 1798 845 1837 specula

144 1843 341 1882 remandent.
377 1842 473 1874 Grut.
487 1841 584 1874 ci.=
596 1844 753 1875 adversis
774 1851 844 1882 spe-

145 1887 219 1919 cula
240 1888 438 1927 respondent.
468 1886 559 1931 quod
579 1887 677 1920 valde
700 1886 821 1930 placet.

190 1931 386 1973 &romulae
407 1936 496 1965 lanta
507 1948 551 1962 =
564 1934 621 1965 Ee.
689 1932 750 1964 BG
761 1933 793 1967 §B
805 1955 844 1967 ἰο

146 1975 181 2012 8
190 1990 236 2005 =
246 1980 334 2009 tanta
358 1978 563 2018 deformitate.

177 2015 372 2063 ‘corruptam
393 2024 506 2063 faciem
528 2025 693 2056 visentium
713 2024 848 2055 reddunt

147 2067 431 2106 =EG²00eeaefft
501 2066 846 2104 BGP3-4·*23(210=

147 2114 307 2153 corrupta
348 2116 391 2145 ut
431 2115 546 2154 faciem
577 2116 743 2146 visentium
775 2114 846 2145 red-

147 2158 232 2189 dan
243 2160 265 2189 t.
313 2156 384 2190 col.
405 2172 450 2186 =
467 2163 647 2199 corruptas
670 2162 711 2190 ut
732 2160 845 2199 faciem

146 2203 312 2235 visentium
332 2204 412 2236 redd
421 2213 443 2235 a
452 2207 495 2236 nt.
541 2204 568 2235 B
588 2218 634 2231 =
653 2207 778 2236 servata
803 2204 846 2235 si-

146 2248 322 2280 militudine
343 2250 423 2289 imp
433 2251 470 2281 et
481 2258 538 2282 us.

197 2290 249 2326 14.
273 2294 306 2329 ³8
318 2307 363 2321 =
375 2295 518 2327 viderit.
566 2293 594 2325 G
611 2292 701 2337 (sm)
714 2309 759 2321 =
772 2295 847 2334 pla-

150 2348 239 2371 care
261 2340 326 2371 tibi.
373 2339 399 2374 E
413 2341 508 2380 (sm)
529 2341 678 2380 e(cr.oe)
692 2355 737 2367 =
751 2343 777 2371 et
801 2342 847 2370 to-

149 2386 210 2416 lius
232 2386 413 2424 temporis.
461 2384 526 2419 (323
539 2399 585 2412 =
604 2395 714 2425 super
735 2387 848 2417 huma-

148 2438 226 2466 nam
249 2430 507 2468 maanuudinem.
553 2431 580 2461 E
592 2432 688 2471 (sm)
700 2434 783 2471 e(cr.
791 2432 848 2469 ω)

150 2483 288 2514 =quae
307 2474 435 2505 dextras
457 2475 554 2514 facies
577 2477 779 2507 extendant.

196 2521 268 2550 sunt
290 2527 370 2559 quae
394 2519 415 2550 d
425 2528 440 2550 e
450 2522 461 2550 t
471 2523 620 2559 orqueunt
643 2523 677 2552 et
703 2529 722 2552 v
733 2530 749 2552 e
757 2529 774 2551 r
783 2523 850 2552 tant

152 2578 199 2592 =
221 2563 269 2595 Ee
286 2560 347 2595 1’3.
428 2564 453 2594 B
474 2578 520 2591 =
541 2567 613 2596 sunt
643 2574 723 2605 quae
759 2567 796 2596 to
806 2574 823 2596 r
835 2582 849 2588 -

153 2611 267 2649 queant
288 2611 317 2640 et
338 2611 470 2641 vertant.
518 2609 582 2644 (323
595 2631 605 2643 ,
617 2633 628 2644 .
641 2634 651 2645 ,
664 2610 697 2644 ,ςῖ
716 2623 759 2637 =
779 2613 850 2642 sunt

156 2653 247 2697 [hoc
278 2653 308 2685 G
340 2652 442 2685 habet
464 2666 483 2686 a
504 2655 612 2697 s-m.]
648 2664 728 2695 quae
763 2657 851 2686 tor-

153 2702 268 2739 queant
290 2699 355 2731 vel
378 2708 393 2731 e
405 2707 424 2730 v
436 2709 451 2730 e
461 2703 562 2733 rtant.
611 2700 680 2733 Cot.
705 2701 794 2734 §man
806 2714 851 2727 =

154 2747 182 2776 et
205 2753 220 2776 e
230 2754 250 2776 v
259 2747 371 2776 artant.
415 2744 475 2777 1²4.
489 2760 534 2773 =
546 2750 574 2778 et
594 2756 614 2777 a
625 2748 762 2778 vertant.

199 2790 403 2821 eiusmodi
426 2793 587 2831 speculum
620 2793 653 2822 in
676 2792 754 2823 nube
777 2801 853 2831 quo-

154 2843 212 2875 que
235 2835 303 2875 fieri
324 2845 385 2876 quo
407 2838 481 2868 sotis
503 2838 618 2877 species
647 2838 758 2868 vitiosa
781 2838 853 2869 red-

888 1485 1049 1524 speculum
1078 1485 1112 1516 in
1143 1484 1224 1516 nube
1255 1484 1325 1524 fieri
1348 1493 1409 1524 quo
1438 1494 1463 1515 s.
1488 1494 1535 1524 sp.
1559 1493 1592 1515 v.

887 1530 1050 1561 reddatur.
1099 1528 1130 1560 G
1142 1529 1175 1563 §8
1189 1551 1198 1562 .
1215 1551 1225 1563 .
1238 1551 1249 1563 .
1262 1529 1295 1563 R
1315 1543 1361 1556 =
1381 1529 1594 1561 eiuscemodi

888 1575 1060 1614 speculum,
1081 1583 1142 1614 quo
1156 1575 1231 1606 sotis
1253 1576 1370 1614 species
1383 1576 1498 1606 vitiosa
1519 1574 1593 1606 red-

889 1621 1003 1658 datur,
1035 1621 1070 1650 in
1104 1620 1182 1651 nube
1214 1629 1334 1660 quaque
1357 1621 1436 1661 fieri.
1482 1618 1592 1651 Etiam

893 1663 951 1696 Gr.
964 1678 1010 1692 =
1021 1665 1184 1696 eiusmodi.

1166 1741 1246 1786 Cap.
1269 1743 1328 1775 VI.

937 1798 968 1830 G
993 1796 1147 1841 praefigit
1166 1798 1268 1831 haec:
1293 1800 1332 1832 de
1354 1801 1592 1841 siqnificationi-

889 1845 946 1876 bus
968 1845 1069 1883 yridis
1099 1845 1270 1876 secundum
1303 1846 1514 1878 diversitatem
1542 1847 1594 1878 sui

890 1891 969 1922 situs
992 1890 1025 1921 in
1047 1890 1120 1921 celo.
1167 1891 1265 1922 Inter
1298 1889 1388 1933 apud
1414 1890 1445 1922 G
1476 1890 1511 1923 in
1539 1889 1591 1922 lit.

891 1941 953 1966 est.
999 1935 1175 1975 E=quo
1196 1945 1371 1976 numquam
1393 1938 1508 1968 maior.
1541 1935 1592 1967 sG

891 1981 1063 2012 :circulo
1083 1983 1296 2020 appareret.

938 2028 965 2057 et
986 2034 1021 2058 eo
1053 2026 1155 2057 minor
1187 2029 1231 2057 est
1263 2036 1324 2065 quo
1357 2028 1451 2058 altior
1480 2027 1526 2057 sol
1545 2040 1592 2054 ==

892 2071 950 2102 Ee.
1021 2071 1045 2101 B
1062 2074 1096 2108 4-
1113 2073 1140 2102 et
1163 2071 1272 2110 quod
1295 2081 1329 2102 eo
1347 2073 1451 2103 minor
1473 2075 1516 2103 est
1531 2081 1592 2112 quo

891 2117 984 2147 altior
1006 2120 1065 2148 est
1089 2117 1148 2148 sol.
1193 2125 1317 2148 arcus
1351 2119 1414 2148 ait
1446 2120 1593 2149 ventos

891 2164 964 2192 aut
995 2162 1176 2200 pluvias
1208 2164 1282 2193 aut
1316 2171 1511 2194 serenum
1534 2164 1592 2194 si-

890 2206 1095 2247 qnificat.
1143 2207 1248 2249 Bong.
1272 2211 1307 2245 -ἦ-
1333 2217 1394 2247 quo
1418 2209 1511 2239 altior
1529 2210 1594 2249 est

890 2252 958 2291 sol,
1004 2261 1059 2291 qu
1076 2262 1101 2283 a
1120 2262 1142 2284 n
1159 2253 1211 2284 do
1258 2261 1388 2285 arcus
1433 2256 1594 2293 ventos,

892 2298 1063 2337 quando
1095 2299 1295 2338 pluvias,
1330 2298 1505 2337 quando
1528 2307 1594 2329 se-

891 2351 1037 2374 renum
1059 2343 1307 2382 siynificat.
1341 2339 1526 2382 P4.=quo
1546 2343 1595 2373 al-

891 2389 951 2418 tior
986 2390 1050 2418 est
1090 2389 1192 2419 solis
1227 2396 1353 2419 arcus
1389 2395 1410 2417 a
1445 2390 1595 2419 ventos

894 2434 968 2462 aut
1000 2433 1174 2471 pluvias
1208 2435 1280 2464 aut
1312 2440 1504 2464 serenum
1533 2433 1596 2464 si-

892 2477 1094 2516 9nift‘cat.
1143 2477 1336 2511 Gffi...st
1361 2481 1395 2515 -1-
1422 2480 1450 2509 et
1485 2477 1595 2517 quod

896 2521 978 2562 [hoc
1010 2521 1041 2553 G
1064 2522 1112 2566 n.]
1138 2532 1172 2554 eo
1195 2524 1298 2554 ntiuor
1321 2526 1387 2562 est,
1418 2532 1479 2562 quo
1502 2524 1596 2554 altior

893 2570 956 2598 est
979 2568 1034 2598 sol.

945 2613 982 2644 Ut
1004 2615 1050 2644 ait
1076 2614 1229 2653 Vergilius
1252 2615 1365 2652 noster,
1389 2613 1428 2644 Et
1451 2614 1525 2644 bibit
1546 2613 1597 2644 in-

895 2665 970 2697 gens
994 2657 1267 2690 Arcus===BEeG
1292 2659 1394 2700 Bong.
1415 2658 1448 2692 §B
1462 2658 1595 2692 (Shfflu

897 2701 943 2735 ἇῗ.
991 2701 1082 2745 Virg.
1108 2703 1148 2734 G.
1162 2703 1188 2741 1,
1213 2700 1292 2735 380.
1305 2714 1354 2746 sq.
1395 2702 1596 2734 Fortunatus

897 2746 980 2778 haee
1001 2754 1096 2789 putat
1116 2746 1291 2790 supposita
1307 2759 1389 2780 esse.
1445 2747 1472 2778 F
1475 2754 1540 2779 ort.
1555 2747 1596 2779 ci.

900 2791 963 2826 (⁵12.
977 2814 987 2825 .
1001 2814 1011 2826 .
1027 2816 1036 2827 .
1050 2792 1118 2828 ἑὸἳ.
1134 2807 1179 2822 =
1197 2795 1236 2825 Et
1260 2795 1333 2826 bibit
1356 2795 1464 2833 §nyens
1488 2795 1598 2832 Arcus,

899 2840 932 2868 ut
957 2838 1002 2869 ait
1026 2840 1171 2880 Virgilius
1193 2842 1304 2872 noster.
1350 2839 1515 2871 B=cum
1539 2839 1598 2870 ad-
