1812 3184
462 205 647 246 NATUR.
679 204 889 255 QUAEST.
921 205 1015 246 Lm.
1036 205 1090 254 11,
1126 210 1161 247 1.

1456 205 1543 250 449

78 311 370 375 ,ἆίιὲιὺϋὼίε
399 318 576 372 artibus,
615 323 658 361 ut
680 318 862 375 quicquid
893 318 1072 361 mundus.
1085 317 1287 361 muliebris
1321 317 1539 360 uocabatur

86 386 273 430 afflue-
290 386 428 429 uiriles
450 387 552 429 sint.
585 386 715 430 minus
738 388 850 440 dico,
883 387 1000 430 etiam
1025 386 1231 428 militares.

1287 382 1374 428 Iam
1393 399 1535 442 specu-

85 454 173 497 lu*
173 447 350 503 &natus
369 462 519 498 lantum
536 469 656 498 causa
675 455 908 498 adhibetur?
931 454 1026 497 nulli
1047 468 1125 499 non
1146 453 1242 496 uitio
1264 452 1533 498 necessarium

85 523 231 566 fautum
259 530 336 567 est.

387 727 435 773 L.
487 723 803 773 ANNAEI
857 725 1232 773 SENECAE

639 827 710 866 An
741 826 1011 867 LUCILIUM

154 880 756 1037 NATURALIUM
808 916 1467 991 QUAESTIONUM

645 1026 879 1071 LIBER
922 1027 978 1071 ΙΙ.

198 1172 234 1220 1,
269 1173 411 1218 Omnis
430 1176 478 1217 de
497 1174 687 1218 uniuerso
708 1176 885 1232 quaestio
903 1174 944 1216 in
966 1174 1176 1228 coelestia,
1220 1174 1423 1228 sublimia,
1455 1181 1535 1218 ter·
1589 1167 1596 1173 ’

83 1255 182 1285 rena
209 1241 411 1292 diuiditur.

471 1240 607 1285 Prima
636 1257 727 1299 pars
758 1250 936 1285 naturam
965 1242 1136 1284 siderum
1166 1249 1365 1284 scrutatur
1387 1249 1428 1284 et
1453 1256 1536 1285 ma-

83 1309 325 1367 gnitudinem
354 1316 395 1351 et
423 1310 588 1351 formam
618 1310 766 1365 ignium
798 1310 938 1366 quibus
969 1311 1136 1351 mundus
1166 1310 1400 1362 includitur,
1442 1310 1538 1352 soli-

83 1377 227 1420 dumne
249 1377 302 1419 sit
323 1376 475 1419 coelum
499 1391 546 1419 ac
567 1378 703 1419 firmae
726 1385 1014 1432 concretaeque
1039 1377 1226 1418 materiae
1251 1391 1299 1418 an
1323 1390 1377 1418 ex
1402 1377 1537 1419 subtili

85 1444 270 1502 tenuique
296 1454 470 1498 nexum,
510 1452 651 1501 agatur
678 1460 730 1487 an
755 1452 871 1502 agat,

130 1536 154 1568 d
163 1537 205 1568 iv
212 1536 378 1569 “cissimis
400 1538 521 1569 artibus
532 1550 578 1564 =
590 1537 638 1568 Ee
648 1536 710 1569 sG.

87 1580 120 1612 G
129 1581 163 1616 Β
176 1603 187 1616 .
199 1603 211 1616 .
221 1603 234 1616 .
246 1581 282 1616 «ἢ
300 1594 348 1609 =
363 1591 410 1622 ρε
418 1583 630 1614 rversissimis
653 1584 784 1615 artibus.

87 1625 268 1667 E(s.m.)e
287 1639 333 1655 ετ..-
352 1627 490 1658 mundus
510 1628 670 1659 muliebris
692 1637 786 1659 voca-

85 1672 104 1702 b
115 1673 167 1703 at.
215 1671 296 1704 EeG
309 1670 397 1713 (tit.)
419 1671 524 1713 Bong.
540 1672 574 1707 §B
587 1686 632 1699 =
646 1681 760 1712 omne
771 1681 787 1703 s

85 1717 157 1748 dico
176 1717 272 1749 otiam
293 1717 456 1748 militares.

129 1764 260 1794 cnutus
276 1764 400 1799 tantum
422 1770 523 1793 causa
545 1762 784 1794 adhibetur?

84 1807 165 1839 nulli
184 1817 247 1840 non
267 1807 345 1839 vitio
366 1808 577 1840 necessarium
601 1808 720 1847 sactum
742 1810 787 1838 est

83 1865 131 1879 ==
144 1851 206 1893 132·
275 1850 362 1883 G=
385 1854 515 1884 ornatus
535 1854 658 1883 tantum
681 1862 697 1884 c
706 1862 728 1884 u
737 1861 754 1884 r
764 1861 786 1883 α

83 1897 316 1929 videbatur
348 1895 422 1930 rell.
446 1905 509 1927 om.
557 1893 624 1928 inG
643 1896 714 1929 Col.
737 1910 784 1925 =

45 1959 49 1962 ·
84 1945 214 1975 maius
234 1944 356 1974 tantum
379 1950 480 1974 cura
502 1942 676 1974 adhibetur.
705 1944 786 1974 nulli

83 1996 146 2020 non
178 1988 260 2020 vicio
290 1988 534 2019 nummario
573 1989 784 2019 necessarium

85 2032 205 2072 factum
240 2035 295 2064 esi.
352 2029 412 2064 1²3.
439 2034 475 2069 -Ι-
500 2032 582 2063 nulli
616 2041 678 2064 non
708 2033 784 2064 vitio

85 2078 247 2109 nudi-ic
267 2078 476 2108 necessarium
497 2077 618 2117 factum
637 2079 691 2108 est.
721 2073 782 2108 1²4.

85 2135 133 2149 =
151 2124 282 2154 malus
313 2124 437 2154 tantum
472 2131 542 2154 cur
553 2130 574 2152 a
607 2122 782 2153 adhibetur.

84 2167 165 2200 nulli
185 2167 344 2199 non-vitio
363 2176 458 2199 num
486 2167 621 2198 maior
642 2175 784 2198 necessa-

83 2213 169 2244 rium
190 2211 310 2251 factum
331 2213 387 2243 est.
414 2248 417 2249 ⁷
435 2211 529 2243 Fort.
554 2215 590 2249 -Ι-
613 2213 694 2243 nulli
720 2221 782 2243 non

84 2258 161 2289 vitio
175 2266 228 2289 nu
236 2265 270 2288 m
280 2265 295 2288 ε
303 2265 320 2288 r
328 2257 397 2288 ari
407 2266 425 2289 ο
442 2258 653 2289 necessarium
663 2257 783 2296 factum

86 2304 140 2334 est.
184 2301 278 2333 Fort-
299 2300 339 2333 ci.
364 2305 400 2339 -f-
424 2303 505 2334 nulli
524 2311 587 2334 non
608 2303 684 2333 vitio
715 2303 783 2333 in-

85 2349 307 2379 numerato
336 2348 547 2379 necessarium
578 2348 697 2387 factum
728 2350 782 2378 est.

86 2393 122 2427 Β
132 2405 177 2420 ==
187 2394 316 2424 ornatus
338 2395 461 2424 lantum
475 2400 573 2423 causa
595 2393 691 2424 adhib
702 2394 783 2423 itur.

87 2437 262 2469 mainan>
277 2438 353 2468 vitio
374 2439 613 2470 muneratio
643 2446 785 2469 necessa-

85 2483 171 2513 rium
190 2482 310 2521 factum
331 2484 384 2513 est.
433 2481 548 2519 (s;1,4
566 2485 696 2514 ornatus
714 2485 785 2513 tan-

87 2529 156 2558 tum
177 2533 277 2557 causa
297 2526 471 2558 adhibetur.
518 2528 603 2558 Nulli
625 2536 687 2558 non
710 2527 786 2558 vilio

87 2580 120 2603 m
129 2580 151 2602 u
160 2581 182 2603 n
193 2578 234 2602 or
244 2578 264 2601 a
275 2571 306 2601 li
316 2579 335 2601 ο
356 2572 565 2603 necessarium
591 2571 710 2610 factum
733 2573 786 2602 est.

89 2617 178 2651 §mem
204 2619 239 2652 ÷
263 2616 343 2647 nulli
374 2624 437 2647 non
457 2617 533 2647 vitio
563 2618 786 2648 numerato

86 2662 297 2694 necessarium
318 2661 438 2700 factum
460 2663 514 2692 est.
564 2660 659 2691 Grut.
677 2659 717 2691 ci.
739 2674 785 2687 =

88 2708 168 2739 nulli
187 2715 251 2738 non
274 2706 443 2737 novitio
466 2707 710 2737 numerario
733 2714 786 2737 ne·
832 2728 864 2740 ..

89 2752 272 2784 cessarium·
290 2752 410 2791 sactum
443 2753 495 2782 est.
544 2750 607 2785 52.
622 2772 633 2784 0
646 2773 655 2784 .
670 2773 680 2784 .
694 2751 727 2784 (ὅ
739 2764 786 2777 =

88 2799 218 2830 matus
256 2798 378 2827 lantum
421 2805 520 2827 causa
558 2796 634 2827 adlit·
646 2797 663 2826 b
674 2797 733 2827 itu
742 2805 786 2835 m,

89 2842 169 2875 nulli
190 2850 253 2873 non
271 2842 346 2873 vitio
368 2849 431 2872 mu
441 2851 462 2872 n
472 2850 509 2873 er
519 2850 565 2873 ar
574 2842 586 2872 i
595 2850 622 2881 o,
646 2850 787 2874 necessa-

157 2895 294 2927 Senecae
312 2903 360 2932 op.
379 2894 427 2924 ed.
448 2895 571 2924 Fickert
588 2895 640 2924 ΙΙΙ.

914 1452 956 1486 et
986 1445 1091 1486 infra
1122 1458 1213 1486 sese
1238 1444 1369 1486 sidera
1393 1444 1536 1486 habeat

831 1538 916 1568 rium
935 1537 1055 1577 sactum
1077 1539 1130 1568 est.
1178 1536 1224 1570 ⁵5.st
1237 1559 1248 1571 0
1259 1558 1269 1570 .
1281 1558 1292 1570 .
1306 1535 1340 1570 R
1349 1550 1393 1563 =
1405 1539 1535 1569 ornatus

831 1585 954 1614 tantum
971 1590 1071 1613 causa
1093 1582 1278 1619 adhibita
1289 1590 1322 1612 m
1337 1593 1388 1612 ω.
1424 1581 1532 1614 Grou.

834 1626 914 1668 [ms]
942 1625 981 1658 ci.
997 1639 1040 1653 =
1055 1627 1135 1658 nulli
1157 1635 1219 1658 non
1248 1627 1344 1658 viro
1366 1635 1431 1658 nec.
1456 1627 1480 1666 f.
1506 1636 1533 1659 ε.

834 1671 859 1703 G
877 1685 923 1699 =
942 1672 1080 1710 Explicit
1101 1672 1177 1702 liber
1198 1671 1304 1705 1.ae
1326 1685 1373 1699 =
1396 1672 1535 1714 Explicit

830 1717 907 1748 liber
926 1717 1049 1755 primus
1068 1717 1276 1747 naturalium.
1326 1714 1390 1750 &1
1412 1730 1458 1743 =
1477 1717 1533 1749 Lt-

831 1762 879 1792 bri
899 1762 996 1800 primi
1016 1761 1214 1792 naturalium
1236 1762 1430 1800 questionum
1447 1762 1531 1804 finis.

830 1807 868 1837 In
893 1806 919 1837 E
944 1803 1103 1836 nonnulla
1127 1803 1228 1840 verba
1251 1803 1367 1840 abrasa
1390 1810 1480 1842 sunt.

878 1896 909 1927 G
924 1910 970 1923 =
992 1897 1104 1935 Incipit
1124 1896 1200 1927 liber
1222 1896 1261 1927 ΙΙ.
1294 1896 1332 1927 de
1355 1897 1532 1936 impr-essto-

828 1943 919 1973 nibus
942 1950 1001 1981 que
1030 1942 1109 1981 flunt
1133 1942 1165 1972 in
1189 1949 1271 1972 aere.
1317 1942 1351 1975 Q
1371 1955 1418 1969 =
1439 1942 1532 1974 Lucii

829 1988 927 2018 Annei
960 1987 1094 2018 Senecae
1125 1986 1331 2018 Cordubensis
1362 1988 1407 2020 De
1431 1988 1530 2020 Natu-

827 2032 948 2064 ratibus
969 2032 1062 2064 Liber
1086 2031 1258 2066 Secundus,

1113 2108 1193 2152 Cap.
1217 2109 1244 2142 Ι.

873 2167 1021 2198 sublimia
1031 2189 1042 2206 ,
1065 2169 1189 2198 terrena
1200 2180 1245 2192 =
1257 2165 1382 2197 sBEeG
1400 2165 1482 2200 Pan.

828 2211 862 2245 §13
890 2214 925 2249 -Ι-
949 2213 994 2243 id
1017 2213 1140 2243 estin
1161 2212 1310 2243 sublimia
1333 2221 1348 2243 e
1361 2214 1373 2243 t
1395 2215 1528 2246 terrena.

830 2254 893 2292 (31,
906 2279 916 2291 ,
929 2279 939 2291 .
952 2279 962 2291 .
975 2256 1008 2291 sl
1024 2260 1058 2294 -ι-
1075 2257 1222 2289 sublimia
1253 2260 1290 2288 et
1321 2260 1467 2289 terrena.-
1503 2259 1528 2290 B

828 2315 874 2329 =
886 2303 953 2334 subl
965 2312 1016 2334 un
1025 2303 1090 2334 ari
1099 2311 1119 2335 a
1143 2304 1274 2335 terrena.
1323 2302 1348 2332 B
1369 2316 1416 2329 =
1434 2307 1530 2335 natu-

827 2356 900 2379 ram
922 2348 1061 2381 siderum
1084 2349 1246 2378 servat.
1285 2345 1343 2378 P3.
1362 2351 1397 2384 4
1416 2351 1444 2379 et
1464 2349 1539 2389 for-·

829 2401 916 2423 mam
939 2394 1060 2432 ignium
1083 2401 1102 2423 v
1114 2393 1149 2422 el
1181 2392 1380 2423 siderum.
1428 2392 1529 2427 >3510

830 2440 913 2468 =et
932 2438 1068 2477 formas
1090 2438 1212 2476 ignium
1235 2438 1299 2468 vel
1321 2437 1529 2475 syderum.

830 2482 920 2513 BEG
933 2481 1024 2513 Fort.
1035 2479 1094 2513 P4.
1110 2480 1180 2513 Col.
1198 2493 1248 2512 ω.
1282 2481 1307 2511 Β
1320 2495 1365 2508 =
1377 2483 1530 2513 solidum-

830 2536 868 2558 ne
891 2528 930 2558 sit
952 2536 991 2558 ac
1014 2527 1175 2567 firmiter
1208 2530 1398 2567 cretaeque
1430 2530 1530 2559 male-

828 2574 905 2603 riae.
943 2570 1002 2603 P4.
1019 2570 1090 2602 Col.
1104 2570 1196 2603 Anio.
1207 2571 1339 2606 mmssil,
1353 2571 1386 2606 2.
1399 2586 1446 2599 =
1457 2581 1530 2604 con-

827 2619 987 2656 cretaeque
1008 2627 1030 2648 n
1040 2620 1110 2648 atu
1120 2626 1137 2648 r
1145 2625 1165 2647 a
1175 2625 1200 2648 e.

876 2662 980 2692 subtili
1001 2663 1144 2701 tenuique
1173 2670 1235 2692 nex
1245 2670 1306 2692 um
1328 2676 1373 2689 =
1397 2662 1450 2693 BE
1464 2660 1528 2697 (22,

879 2727 889 2739 .
901 2705 970 2739 2⁵31.
985 2706 1040 2740 {Ru
1054 2707 1099 2740 R.
1173 2706 1203 2736 G
1216 2703 1274 2737 Ρ3.
1287 2705 1321 2738 4.
1342 2705 1421 2738 Col.‘
1433 2706 1526 2745 Anio.

831 2749 917 2781 Scal.
939 2750 1038 2785 QOEI.
1052 2751 1140 2785 {man
1152 2749 1222 2786 2132.
1242 2765 1288 2779 =
1305 2753 1409 2784 subtili
1431 2754 1530 2785 tenui-

831 2805 888 2836 que
911 2804 1002 2827 nexu
1025 2800 1151 2837 agatur.

878 2843 906 2874 et
930 2841 1017 2882 iufra
1039 2851 1054 2875 s
1064 2851 1079 2874 ε
1089 2851 1104 2874 s
1115 2851 1130 2875 e
1152 2842 1258 2874 sidera
1273 2843 1384 2876 habeat
1393 2857 1439 2872 =
1449 2842 1507 2875 Ee.

1191 2886 1246 2930 ‘29
