1812 3184
259 185 341 230 704
714 187 756 227 L.
788 187 987 230 ANNAEI
1017 190 1246 233 SENECAE

259 312 305 340 ue
336 311 550 354 conpresso
579 312 672 340 aere
704 305 741 340 et
770 299 811 340 iu
841 300 1022 342 ardorem
1059 310 1195 344 coacto
1230 303 1318 344 loco
1355 304 1528 347 miraculi
1566 306 1690 349 sm.

258 365 360 420 Quid
381 366 505 420 ergo?
545 380 623 407 non
646 366 851 422 aliquando
872 367 1011 416 lacuna
1026 370 1246 411 secede-,ntis
1266 377 1374 412 retro
1387 372 1557 415 aetheris
1572 374 1694 430 patuit

257 440 296 474 et
321 440 472 474 uastum
494 433 534 474 in
554 448 728 475 concauo
750 435 910 476 lumen?
937 434 1175 478 Exclamare
1195 450 1356 493 posses:
1389 436 1494 492 Quid
1511 447 1575 485 est
1586 441 1693 484 hoc?

746 502 927 544 medium
955 503 1082 546 uideo
1112 504 1336 547 discedere
1363 496 1527 549 coelum
1548 539 1563 547 ,,
1604 538 1619 543 ,.
1638 534 1660 543 η.

370 567 661 624 Palantesqne
683 569 793 623 polo
822 570 985 612 stellas.

255 649 354 691 quae
385 635 591 690 aliquando
623 650 702 677 non
734 644 961 691 exspectata
991 644 1104 679 noete
1136 639 1329 682 fulserunt
1357 647 1397 682 et
1425 654 1496 697 per
1523 641 1691 685 medium

192 711 238 737 4
255 710 467 758 eruperunt
498 702 614 744 diem.
675 701 755 746 Sed
778 704 853 745 alia
876 705 987 746 huius
1011 705 1070 748 rei
1093 706 1194 747 ratio
1218 714 1279 748 est
1301 721 1422 762 qnare
1445 708 1573 750 alieno
1594 712 1692 751 tem·

254 784 349 825 pore
379 771 566 826 adparent
594 770 634 812 in
664 784 758 812 aere
788 785 884 826 quas
914 785 1027 824 esse,
1070 774 1184 814 etiam
1216 788 1302 815 cum
1334 775 1477 828 latent,
1518 782 1687 820 constan

252 835 401 879 Multos
439 844 613 878 cometas
650 852 728 879 non
765 839 963 891 uidemus,
1008 840 1110 894 quod
1139 840 1399 883 obscurantur
1426 842 1555 884 radiis·
1574 842 1686 886 solis.

249 919 327 960 quo
351 904 554 962 deficiente
580 905 771 959 quondam
795 913 975 947 cometen
997 907 1221 961 adparuisse
1243 921 1356 962 quem
1377 909 1438 950 sol
1460 909 1615 952 uicinus
1629 916 1690 952 ten

250 978 366 1012 xerat
387 970 623 1012 Posidonius
653 972 782 1012 tradit.
846 970 975 1027 Saepe
999 979 1128 1013 aulem
1155 987 1239 1013 cum
1271 974 1412 1015 occidit
1439 975 1521 1027 sol,
1563 976 1688 1032 sparsi

250 1038 363 1092 ignes
387 1038 623 1093 non-procul
642 1038 689 1078 ab
714 1051 761 1078 eo
783 1038 978 1079 uidentur.
1039 1039 1222 1080 uidelicet
1243 1040 1319 1081 ista
1341 1041 1454 1083 stella
1482 1042 1566 1084 soie
1599 1057 1688 1099 pcr-

251 1105 486 1151 fuuditursset
507 1103 596 1144 ideo
619 1104 764 1159 adspici
788 1119 866 1145 non
891 1112 1043 1161 potest:
1087 1113 1262 1148 cometae
1287 1109 1570 1151 autemmdios
1590 1111 1695 1153 'solia

250 1172 453 1226 effugiunt.
512 1169 635 1212 XXI.
666 1169 802 1213 Placet
824 1185 919 1227 ergo
943 1173 1089 1215 nostris
1110 1181 1283 1216 cometas
1302 1175 1404 1216 sicut
1427 1176 1566 1228 faces,
1585 1177 1688 1220 sicut
1707 1222 1709 1224 ,

249 1240 361 1281 tubas
391 1239 600 1293 trabesque
630 1245 670 1280 et
698 1238 774 1280 alia
802 1246 957 1280 ostenta
986 1240 1086 1281 coeli
1116 1241 1238 1282 de'nso
1267 1255 1361 1283 aere
1389 1242 1531 1285 creari.
1589 1242 1685 1287 Ideo

989 1330 1071 1362 Brit.
1094 1345 1139 1358 =
1161 1335 1315 1371 apparent
1340 1333 1373 1364 in
1396 1342 1487 1372 aere,
1520 1342 1602 1373 quas
1619 1342 1684 1366 esse

248 1331 323 1362 haec
346 1332 466 1370 stupent
497 1338 624 1370 omnes,
659 1339 746 1361 cum
778 1331 876 1369 quid
898 1339 946 1362 re-

988 1377 1081 1407 etiam
1104 1377 1272 1407 latenter
1295 1380 1422 1408 constat.
1458 1376 1682 1413 Grou.oi.fflu

245 1376 407 1414 pentinum
429 1376 532 1414 iynem
555 1383 593 1405 ex
615 1375 678 1405 alto
701 1376 746 1414 eff
750 1378 822 1406 ert.
861 1376 943 1406 B===

248 1421 312 1451 sive
345 1421 506 1459 igneum
531 1419 652 1458 aliquid
675 1419 835 1458 effugit
867 1421 942 1450 sive.

249 1464 274 1494 B
288 1462 368 1494 Brit.
389 1477 435 1491 =
455 1471 627 1502 compresso
649 1471 719 1493 aere
743 1465 769 1493 et
791 1465 825 1494 in
847 1465 943 1495 ardo-

246 1516 312 1540 rem
334 1511 545 1540 concreto.
593 1507 859 1547 B(soe)=loco
883 1509 943 1539 mi-

246 1553 373 1584 raculo
397 1553 486 1584 stetit.
529 1552 645 1583 B=N
654 1561 716 1583 um
738 1553 773 1583 si
797 1553 942 1592 aliquan-

245 1598 295 1628 do.

291 1643 407 1673 lacuna
430 1642 626 1673 secedentis
648 1644 728 1673 retro
751 1642 881 1673 aetheris
897 1655 941 1668 =

248 1685 288 1717 ci.
306 1687 403 1717 Grut.
472 1685 736 1717 EeG=lacuna
758 1687 794 1717 si
817 1687 942 1718 ceden-

247 1732 286 1762 tis
307 1732 449 1763 aetheris.
498 1729 557 1761 Gr.
578 1732 610 1764 ΞΒ
627 1745 671 1757 =
695 1732 810 1762 lacuna
835 1731 940 1771 [98:-

247 1776 410 1817 lactnia]
436 1776 509 1807 sed
532 1776 704 1807 cedentis
727 1776 869 1807 aetheris.
914 1776 939 1807 Β

245 1821 417 1852 =lacuna
438 1821 643 1851 recedentis
666 1821 791 1851 aeris.
827 1818 939 1855 OElm.

247 1865 280 1899 st
299 1878 345 1891 =
367 1866 482 1896 lacuna
515 1865 673 1896 cedentis
696 1868 776 1896 retro
798 1865 938 1897 aetheris.

246 1909 516 1949 B=aperuit
541 1909 639 1949 [s.m.
663 1909 856 1950 aparuit]
882 1919 941 1941 υα-

245 1957 327 1986 stum
349 1956 383 1985 in
413 1963 548 1986 concavo
579 1955 692 1986 lumen.
739 1954 765 1984 B
788 1967 834 1981 =
857 1955 940 1994 Quid

243 2000 300 2030 hoc
327 1991 399 2030 est‘f

290 2045 428 2074 medium
449 2043 549 2073 video.
573 2041 663 2084 Virg.
681 2044 718 2074 A.
742 2043 803 2081 IX,
822 2041 876 2076 20.
887 2054 938 2086 sq.

245 2089 330 2118 B=
353 2088 468 2118 medio
490 2087 591 2117 video.
637 2085 695 2118 P3.
706 2089 939 2119 =descen-

244 2134 325 2164 dere
349 2132 477 2162 coelum.
511 2129 937 2170 Gffl.=1>atlentesque.

244 2178 334 2211 ᾖξε
347 2176 589 2214 pallentesque
609 2175 700 2213 palo
722 2176 894 2205 stultas.

288 2219 321 2252 4.
345 2228 441 2260 quare
455 2220 555 2249 alieno
574 2221 707 2257 tempore
725 2219 879 2258 adparent
898 2220 910 2249 i
917 2229 938 2250 n

245 2274 342 2297 aere
370 2272 449 2303 quas
471 2272 553 2301 esse,
586 2265 679 2294 etiam
710 2272 795 2295 cum
817 2265 938 2295 latent

243 2312 416 2342 constat=
427 2318 457 2338 e.
497 2307 523 2338 E
542 2324 577 2330 -—
592 2309 625 2338 in
639 2313 716 2338 ante
729 2316 809 2338 aere.
848 2307 879 2338 G
890 2322 937 2340 -.-.

244 2364 340 2394 quare
361 2354 463 2384 alieno
483 2355 616 2391 tempore
638 2354 791 2391 apparent
818 2360 937 2384 aerem

247 2400 294 2440 [m
317 2409 349 2429 n.
354 2399 366 2439 ]
403 2406 483 2437 quas
514 2405 577 2427 esse
611 2398 703 2427 etiam
740 2405 810 2427 cum
843 2397 938 2428 latent

243 2445 406 2475 constant
429 2440 511 2482 (hoc
530 2452 575 2473 cr.
591 2444 659 2479 ω)
707 2439 820 2472 P3.—
775 2455 820 2467 =
839 2450 936 2480 quare

244 2497 265 2519 α
276 2490 306 2519 lt
317 2498 334 2519 o
357 2491 491 2526 tempore
503 2489 655 2524 apparent
677 2489 711 2517 te
721 2495 750 2516 m
760 2495 780 2525 p
792 2495 808 2517 o
819 2495 836 2517 r
845 2495 860 2516 e
883 2494 937 2517 ae-

242 2542 275 2563 re
287 2556 297 2572 ,
319 2534 414 2564 etiam
437 2540 508 2562 cum
528 2531 623 2562 latent
645 2533 772 2561 constat.
817 2527 935 2561 P4.-
890 2544 935 2558 =

242 2586 338 2615 quare
361 2578 403 2607 al.
427 2578 519 2614 temp.
540 2583 615 2614 app.
632 2576 664 2605 in
688 2584 770 2613 aere,
791 2584 870 2614 quas
888 2584 935 2606 es-

244 2630 275 2652 se
297 2624 332 2652 et
354 2630 425 2652 cum
447 2622 534 2651 late
557 2622 767 2650 coruscat.
805 2617 930 2650 Col.=

243 2674 348 2704 quae
371 2666 460 2695 alio
481 2667 573 2703 temp.
596 2673 671 2703 app,
689 2673 769 2703 aere,
792 2672 871 2702 quas
891 2667 933 2696 et-

242 2711 308 2740 iam
330 2719 401 2740 cum
422 2710 516 2740 latent
538 2711 711 2740 constant.
760 2709 838 2739 B=
853 2718 933 2748 qua-

239 2762 273 2786 re
307 2755 409 2785 alieno
440 2756 574 2792 tempore
608 2753 762 2792 adparent
788 2754 829 2787 ‘in
862 2762 933 2786 aere

240 2807 319 2839 quas
347 2799 405 2829 ibi
437 2806 499 2828 esse
532 2800 570 2828 et
602 2799 770 2830 latentes
803 2801 931 2833 constat.

988 1420 1021 1454 ,ςῖ
1042 1434 1086 1446 =
1109 1429 1204 1460 quare
1228 1422 1329 1452 alieno
1360 1424 1451 1461 temp.
1475 1425 1630 1461 apparent
1649 1424 1682 1455 in

988 1473 1069 1504 aere,
1092 1474 1170 1504 quas
1193 1473 1266 1504 esse,
1288 1467 1382 1496 etiam
1406 1466 1450 1496 lat
1458 1474 1474 1497 e
1483 1476 1504 1497 n
1515 1468 1527 1496 t
1537 1475 1552 1497 c
1561 1475 1588 1506 s,
1609 1475 1682 1499 con-

987 1512 1059 1540 stat.
1104 1510 1137 1542 23
1156 1523 1202 1535 =
1220 1518 1316 1548 quare
1338 1511 1439 1541 alieno
1462 1512 1563 1550 temp„
1577 1519 1681 1551 amm-

986 1556 1054 1584 rent
1077 1562 1147 1585 aere
1171 1555 1264 1589 etiam
1297 1563 1368 1585 cum
1390 1555 1485 1586 latent
1505 1553 1589 1587 const
1599 1551 1650 1589 an
1659 1559 1681 1588 t.

989 1597 1051 1631 (ΕΞ.
1116 1597 1183 1631 ἓὸἳ.
1196 1612 1241 1625 =
1253 1607 1349 1637 quare
1362 1600 1462 1630 alieno
1474 1602 1607 1638 tempore
1619 1609 1679 1640 αρ-

984 1645 1106 1681 parent,
1128 1651 1208 1681 quas
1225 1652 1300 1682 esse,
1322 1645 1415 1674 eliam
1429 1652 1499 1674 cum
1521 1645 1679 1679 laterent

988 1685 1090 1729 [ffltan
1101 1701 1147 1713 =
1157 1685 1287 1729 latent]‚
1310 1690 1438 1719 constat.
1484 1687 1570 1719 G..
1525 1701 1569 1708 —-
1578 1689 1679 1720 vids·-

985 1740 1056 1762 mus
1079 1731 1113 1772 [e
1133 1733 1192 1772 Ξ]
1219 1741 1237 1771 q
1247 1741 1267 1762 u
1278 1734 1289 1763 i
1299 1741 1320 1763 a
1341 1734 1545 1765 obscurantur
1564 1734 1678 1766 radiis.

985 1776 1011 1806 Β
1033 1790 1078 1802 =
1099 1777 1240 1808 videmus
1261 1778 1331 1816 qui
1342 1785 1363 1807 a
1393 1786 1408 1808 s
1418 1786 1483 1816 epe
1510 1778 1679 1812 obscuram

984 1823 1035 1852 tur
1056 1822 1167 1852 radiis.

1029 1875 1089 1905 quo
1111 1867 1267 1906 deficiente
1289 1875 1308 1905 q
1318 1875 1339 1896 u
1349 1875 1366 1897 ο
1376 1876 1396 1898 n
1408 1866 1544 1910 dam—
1498 1879 1544 1886 -
1557 1865 1677 1898 BEG..

985 1910 1017 1944 Q
1031 1925 1074 1937 =
1088 1920 1148 1950 quo
1170 1911 1326 1950 deficiente
1347 1912 1512 1950 ᾳυθάαἵηρ
1560 1911 1624 1946 ΕΙ.
1636 1931 1676 1946 ou

985 1954 1018 1988 ,ςῖ
1029 1969 1074 1983 =
1087 1964 1147 1994 quo
1170 1955 1325 1994 deficiente
1347 1965 1388 1995 qu
1399 1964 1414 1986 e
1423 1966 1444 1987 n
1453 1956 1540 1988 dam.
1585 1956 1612 1988 E
1630 1970 1677 1984 ==

983 2004 1078 2032 comet
1088 2008 1103 2030 e
1112 2009 1154 2030 m.

1029 2054 1120 2085 quem
1142 2045 1188 2075 sol
1202 2046 1321 2076 vicinus
1344 2047 1379 2076 te
1387 2055 1411 2076 ,τ
1419 2054 1435 2076 e
1443 2049 1503 2076 rat
1511 2059 1557 2073 =
1570 2045 1677 2078 BEeG

986 2087 1042 2121 1²4.
1109 2087 1169 2120 1²3.
1184 2090 1282 2122 2351.
1301 2103 1348 2118 =
1368 2099 1472 2129 quae
1495 2089 1608 2133 [23oe1.
1629 2105 1676 2121 ε

983 2134 1088 2174 quem]
1114 2134 1159 2164 sol
1181 2134 1302 2165 vicinus
1324 2138 1390 2166 tra
1399 2143 1423 2165 x
1433 2137 1510 2166 erat.
1547 2134 1618 2167 Col.
1629 2149 1677 2164 ==

983 2186 1073 2215 quem
1085 2178 1140 2207 Sol
1157 2178 1277 2208 vicinus
1298 2188 1314 2209 c
1324 2179 1496 2210 allatus.
1520 2179 1570 2210 sG
1581 2179 1672 2212 Fort-

985 2220 1046 2254 (22.
1060 2241 1098 2253 0..
1111 2220 1143 2253 St
1153 2233 1198 2246 =
1209 2230 1300 2260 quem
1319 2223 1365 2254 sol
1386 2223 1508 2253 vicinus
1529 2232 1547 2254 o
1555 2225 1573 2254 b
1582 2226 1595 2255 t
1604 2233 1674 2257 exe-

981 2267 1041 2296 rat.
1088 2264 1112 2294 B
1123 2278 1169 2291 =
1179 2266 1364 2296 Posidonius
1384 2267 1558 2298 tradidit.
1592 2268 1617 2299 Β.
1632 2271 1669 2306 -t-

981 2311 1085 2347 sparsi
1093 2318 1111 2348 q
1121 2319 1142 2340 u
1153 2312 1179 2341 e‘
1190 2310 1286 2348 iynes.
1333 2309 1364 2341 G
1376 2311 1437 2351 (cr.
1446 2311 1502 2351 ω)
1513 2324 1560 2340 =
1570 2314 1674 2352 sparsi

981 2354 1034 2392 i9n
1044 2362 1058 2384 e
1069 2363 1091 2383 u
1101 2362 1127 2384 ε.
1671 2383 1674 2385 Α

1024 2398 1165 2429 videlicet
1194 2398 1284 2429 ista
1315 2399 1404 2431 stella
1416 2413 1467 2427 =
1487 2399 1544 2432 Ee.
1612 2401 1673 2434 BG

983 2439 1046 2476 (51.
1110 2442 1142 2476 „a
1154 2457 1199 2469 ==
1212 2443 1355 2475 Videlicet
1374 2445 1386 2474 t
1393 2453 1416 2483 p
1426 2453 1442 2476 s
1451 2453 1473 2476 a
1494 2446 1592 2477 stella.
1638 2447 1672 2482 Β

980 2499 1025 2512 =
1042 2487 1144 2518 Videt
1165 2488 1259 2526 ipsa
1282 2488 1380 2519 stella.
1405 2488 1563 2521 G=sole
1581 2499 1672 2530 pro-v

979 2531 1132 2570 funditur.
1157 2531 1183 2562 B
1193 2542 1240 2558 =
1252 2532 1356 2564 Gomet
1364 2541 1381 2565 e
1390 2542 1405 2564 s
1427 2537 1541 2566 autem.
1566 2533 1670 2567 Gron.

981 2574 1020 2606 ci.
1036 2574 1105 2609 532.
1121 2597 1158 2610 ...
1171 2576 1204 2610 st
1214 2590 1260 2604 =
1270 2586 1306 2608 co
1314 2580 1347 2609 m
1357 2585 1379 2608 a
1390 2587 1405 2610 e
1426 2581 1530 2611 autem
1551 2580 1668 2615 radios.

981 2619 1010 2650 G
1021 2633 1067 2648 =
1077 2621 1138 2652 rad
1151 2622 1187 2652 io
1210 2623 1294 2653 solis.

1225 2698 1304 2742 Cap.
1328 2699 1426 2735 XXI.

1024 2753 1095 2789 Col.
1107 2756 1242 2788 =sicut
1263 2756 1377 2787 iubas
1398 2758 1567 2797 trabesque.
1589 2767 1669 2800 pron

976 2797 1035 2830 bat
1055 2798 1151 2831 Grut.
1197 2796 1255 2832 P4.
1270 2797 1333 2835 (51.
1346 2799 1380 2836 2.
1403 2819 1446 2825 -
1466 2802 1545 2834 sicut
1565 2803 1665 2842 tubae.
