1800 3190
508 854 1099 912 PRAEFATIO.

189 1111 530 1165 Dialoyomcm*)
562 1111 673 1152 titulo
701 1119 744 1153 ut
774 1112 1147 1167 comprehenderem
1170 1112 1323 1154 minora
1342 1109 1524 1154 Senecae

75 1188 221 1244 scripta
241 1187 523 1244 philosophica,
556 1190 768 1230 commovit
787 1203 850 1230 me
875 1197 915 1230 et
934 1189 1140 1232 brevitatis
1163 1191 1333 1232 studium
1361 1196 1403 1231 et
1425 1188 1527 1230 anti-

75 1266 254 1322 quissimi
277 1265 422 1308 codicis
445 1263 759 1307 Mediolanensis
782 1265 839 1321 (A
860 1265 942 1308 vol.
963 1264 1020 1307 ΙΙ.
1045 1268 1172 1322 praef.
1196 1282 1236 1322 p.
1258 1265 1381 1307 XIII.
1406 1280 1443 1307 c.
1460 1266 1525 1320 5.)
1614 1285 1618 1292 ·

75 1344 315 1387 auctoritasz
347 1357 566 1399 quanquam
590 1357 670 1385 non
691 1343 831 1398 ignoro
854 1343 896 1384 in
916 1343 983 1385 illo
1007 1344 1142 1386 codice
1161 1343 1342 1399 Dialogis
1366 1343 1526 1399 adiungi

77 1423 194 1466 etiam
216 1422 338 1464 libros
362 1423 410 1464 de
433 1419 515 1463 Ira.
576 1420 686 1463 Idem
712 1436 810 1464 vero
834 1422 959 1476 liber,
1003 1423 1066 1478 qui
1093 1423 1358 1479 suppeditavit
1381 1435 1527 1464 nomen

75 1485 308 1554 commune,
337 1501 499 1542 multum
522 1500 688 1542 contulit
711 1500 761 1542 ad
783 1501 1123 1543 emendationem:
1170 1502 1236 1557 qui
1266 1501 1333 1543 ubi
1365 1500 1524 1552 defecit,

76 1579 118 1621 iu
143 1575 360 1622 subsidium
391 1579 531 1622 vocavi
567 1579 741 1620 codicem
773 1577 1076 1622 Berolinensem
1111 1578 1164 1635 (B
1194 1580 1275 1622 vol.
1306 1578 1362 1621 ΙΙ.
1398 1579 1525 1635 praef.

76 1655 254 1714 p.X111.
275 1672 312 1699 c.
329 1663 372 1699 2.
395 1656 439 1710 β)
459 1664 527 1698 aut
544 1654 626 1698 Iac.
655 1649 866 1712 Bongarsii
886 1665 1021 1699 notata
1044 1648 1193 1714 (Bong.
1220 1658 1302 1700 vol.
1317 1656 1373 1699 II.
1398 1657 1526 1713 praef.

77 1749 118 1791 p.
140 1732 350 1788 XVIII.),
381 1733 553 1775 maxime
585 1733 724 1788 quibus
750 1734 987 1787 adscriptum
1016 1742 1102 1775 erat
1125 1749 1180 1776 ex
1207 1735 1299 1776 Occi.
1334 1736 1437 1789 quod
1467 1735 1529 1775 in-

80 1818 300 1868 terpretorz
332 1825 387 1853 ex
415 1809 584 1852 Gaiae-ii
614 1815 735 1852 msto.
793 1810 954 1866 Reliqui
986 1811 1089 1852 enim
1115 1812 1218 1863 mei,
1251 1810 1531 1867 Guelferbyta-

78 1904 155 1932 nus
176 1888 236 1946 (G
253 1889 336 1932 vol.
351 1886 388 1930 I.
410 1890 536 1945 praef.
557 1902 597 1944 p.
611 1886 714 1929 XX.
730 1887 787 1930 II.
807 1894 847 1930 1.
864 1890 922 1942 d),
948 1888 1276 1931 Vratislaviensis
1293 1888 1351 1945 (V
1373 1889 1456 1931 vol.
1470 1887 1528 1930 ΙΙ.

25 2022 28 2025 Δ
80 1969 206 2025 praef.
234 1982 275 2024 p.
299 1965 359 2009 X.
385 1981 424 2009 a.
451 1967 540 2022 4.),
570 1965 895 2009 Mediolanenses
927 1966 966 2008 D
991 1968 1091 2022 (vol.
1122 1966 1177 2009 II.
1210 1968 1335 2024 praef.
1363 1983 1402 2023 p.
1423 1965 1527 2008 XII.

81 2060 119 2088 a.
152 2045 243 2109 14.)
262 2052 304 2088 et
326 2044 363 2086 E
382 2046 482 2100 (vol.
508 2044 564 2087 ΙΙ.
590 2047 715 2101 praef.
745 2061 784 2101 p.
805 2044 908 2087 XII.
935 2059 972 2087 a.
999 2045 1117 2100 15.),
1151 2047 1242 2088 olim
1264 2046 1530 2097 Trossianus,

81 2138 185 2167 nunc
205 2123 447 2167 Havniensis
472 2123 531 2180 (T
553 2124 595 2165 in
618 2124 729 2165 libris
754 2125 802 2165 de
825 2123 1082 2166 Providentia
1104 2132 1144 2166 et
1167 2125 1215 2167 de
1235 2124 1442 2167 Brevitate
1457 2123 1532 2167 Vi-

82 2210 145 2245 tae
165 2216 188 2244 a
209 2202 379 2245 Trossio
411 2203 604 2254 collatus,
648 2217 728 2244 non
761 2203 1024 2259 descriptus),
1065 2202 1457 2260 Gryphiswaldensis
1485 2204 1533 2257 (g

0 2279 233 2346 ''affl-1¹·
248 2282 374 2337 praef.
389 2296 428 2337 p.
442 2279 522 2322 XJ.
545 2295 583 2322 a.
603 2288 645 2323 6.
672 2282 817 2337 passim
839 2283 1004 2324 collatus
1025 2296 1048 2324 a
1068 2281 1378 2336 Fred.Haase),
1410 2281 1533 2322 multo

83 2359 248 2402 minoris
268 2367 361 2402 sunt
384 2359 567 2412 habendi,
600 2367 874 2416 praeterquam
897 2361 1000 2416 quod
1023 2359 1061 2403 G
1081 2362 1187 2402 inter
1209 2361 1342 2404 varias
1365 2360 1534 2415 scriptu-

83 2451 175 2490 ras,
209 2444 287 2480 tam
311 2437 417 2479 inter
439 2438 565 2480 lineas
589 2453 702 2493 quam
728 2439 769 2480 in
802 2439 1048 2494 marginibus
1076 2440 1299 2495 appositas,
1338 2438 1535 2480 interdum

84 2515 204 2557 habet
243 2517 445 2558 meliores.
515 2515 605 2558 Nec
640 2517 769 2558 maior
801 2525 864 2559 est
895 2518 1022 2559 virtus
1059 2517 1247 2559 librorum
1285 2531 1309 2557 a
1340 2515 1536 2572 prioribus

87 2599 386 2646 usurpatorum:
411 2607 511 2647 quae
528 2595 576 2635 de
596 2594 658 2635 his
683 2596 785 2637 etde
804 2595 1010 2652 impressis
1025 2596 1065 2637 in
1080 2595 1386 2651 praefationibus
1406 2590 1533 2636 vohl.

181 2758 209 2801 ’)
234 2756 303 2791 vid.
326 2757 395 2793 vol.
414 2760 458 2792 11.
482 2759 591 2803 praef.
615 2771 649 2803 p.
674 2762 767 2796 XIV.
792 2772 826 2794 n.
845 2762 886 2805 ').
