1812 3184
231 203 315 247 380
665 205 734 246 AD
769 206 993 248 HELUIAM
1022 208 1231 251 MATREM

231 315 299 358 bet
319 320 467 372 partem
490 317 670 359 fortunae
693 319 788 360 satis
815 318 883 360 tibi
904 319 1058 362 roboris
1081 327 1164 373 est,
1195 321 1297 364 idem
1322 323 1518 365 aduersus
1534 322 1663 365 omnis

231 383 320 425 erit.
365 398 451 425 cum
473 386 593 426 semel
615 386 785 427 animum
811 386 937 428 uirtus
962 387 1180 440 indurauit‚
1213 389 1379 445 undique
1397 389 1661 433 inuolne‘rabi-

230 450 305 491 lcm
329 459 518 505 praestat.
581 451 626 494 Si
652 453 816 495 auaritia
841 454 1006 506 dimisit,
1040 454 1380 498 uehementissima
1408 458 1565 513 generis
1590 457 1660 500 hu-

229 518 335 558 mani
357 519 500 573 pestis,
534 534 681 560 moram
708 520 775 561 tibi
801 521 958 562 ambitio
989 536 1066 563 non
1095 523 1225 564 faciet.
1288 521 1333 565 Si
1363 524 1661 574 ultimumdieiu

229 598 308 625 non
337 586 448 640 quasi
472 600 659 641 poenam,
704 588 773 629 sed
800 588 910 643 quasi
938 596 1100 630 naturae
1128 590 1253 644 legem
1281 591 1471 646 adspicis,
1504 594 1562 634 'ex
1585 595 1662 647 quo

228 659 387 706 pectore
418 660 561 694 metum
588 654 753 696 eieceris
782 654 822 695 in
850 655 888 695 id
914 656 1057 697 nullius
1089 657 1146 698 rei
1174 647 1290 698 timor
1317 658 1476 700 audebit
1498 658 1659 701 intrare.

195 725 212 751 ³
231 716 276 760 Si
295 720 443 775 cogitas
463 721 658 763 libidinem
675 736 753 763 non
771 723 980 778 uoluptatis
1000 737 1118 764 causa
1137 724 1280 765 homini
1298 725 1448 777 datam,
1479 725 1551 767 sed
1571 738 1662 781 pm-

229 787 395 841 pagandi
422 788 601 842 generis,
642 803 755 844 quem
782 804 860 830 non
885 791 1093 831 uiolauerit
1123 791 1194 832 hoc
1218 798 1412 833 secretum
1435 799 1476 834 et
1496 792 1659 834 infixum

228 853 445 895 uisceribus
465 855 561 911 ipsis
582 851 743 897 exitium
763 857 889 897 omnis
911 857 986 898 alia
1005 858 1192 913 cupiditas
1214 858 1400 900 intactum
1417 859 1656 915 praeteribit.

225 917 320 961 Non
342 921 494 976 singula
524 922 620 963 uitia
643 923 768 975 ratio,
801 924 870 964 sed
902 915 1205 979 pariter‘omnia
1231 926 1467 981 prosternit:
1506 926 1548 967 in
1575 925 1662 967 uni*-

225 1000 382 1028 uersum
414 990 537 1030 semel
562 990 746 1031 uincitur.
804 989 1022 1044 Ignominia
1045 998 1085 1032 tu
1108 999 1221 1046 putas
1249 1006 1479 1047 quemquam
1507 993 1662 1048 sapien-⁴

228 1060 304 1094 tem
330 1055 483 1095 moueri
512 1069 630 1110 posse
657 1056 720 1110 qui
745 1056 876 1097 omnia
902 1057 941 1097 in
963 1071 1007 1098 se
1030 1059 1226 1113 reposuit,
1259 1059 1322 1113 qui
1347 1059 1394 1100 ab
1417 1058 1662 1115 opinionibus

226 1120 331 1175 uolgi
352 1122 545 1163 secessit?
573 1121 668 1163 Plus
688 1123 804 1164 etiam
824 1137 937 1178 quam
954 1124 1166 1179 ignominia
1182 1132 1242 1166 est
1258 1140 1367 1167 mors
1384 1126 1659 1180 ignominiosa.

226 1185 416 1230 Socrates
440 1195 568 1230 tamen
592 1190 727 1230 eodem
751 1190 816 1231 illo
839 1191 948 1232 uoltu
971 1206 1046 1246 quo
1071 1192 1228 1247 triginta
1254 1200 1441 1248 tyrannos
1461 1194 1568 1235 solus
1590 1193 1661 1234 ali—

226 1256 379 1309 quando
407 1256 447 1296 in
473 1257 647 1298 ordinem
673 1258 879 1312 redegerat
907 1272 1104 1300 carcerem
1131 1259 1292 1300 intrauit
1313 1260 1564 1314 ignominiam
1588 1259 1662 1315 ipsi

226 1322 313 1363 loco
342 1324 611 1365 detracturus:
650 1338 775 1379 neque
807 1325 908 1366 enim
939 1332 1092 1380 poterat
1119 1340 1254 1367 carcer
1276 1326 1399 1367 uideri
1425 1328 1464 1368 in
1488 1342 1564 1381 quo
1585 1325 1660 1370 So-

191 1401 210 1429 4
228 1397 356 1431 crates
384 1398 480 1431 erat.
542 1389 642 1444 Quis
665 1405 787 1445 usque
813 1405 861 1432 eo
884 1393 931 1432 ad
954 1392 1265 1446 conspiciendam
1290 1394 1493 1435 ueritatem
1515 1408 1659 1436 excae-

227 1463 337 1498 catus
366 1464 448 1509 est,
491 1465 534 1498 ut
559 1458 810 1513 ignominiam
840 1467 948 1514 putet
975 1458 1036 1501 M.
1064 1458 1228 1502 Catonis
1257 1460 1377 1502 fuisse
1403 1461 1591 1516 duplicem
1618 1462 1659 1503 in

226 1524 412 1578 petitione
441 1533 644 1580 praeturae
667 1533 706 1566 et
726 1526 951 1567 consulatus
981 1527 1201 1581 repulsam?
1229 1527 1442 1582 ignominia
1459 1528 1526 1569 illa
1548 1543 1660 1584 prae-

226 1597 337 1632 turae
356 1599 396 1634 ct
412 1593 636 1633 consulatus
659 1592 729 1632 fuit
747 1593 884 1646 quibus
903 1607 955 1633 ex
976 1591 1128 1634 Catone
1146 1594 1271 1635 honor
1289 1594 1517 1636 habebatur.
1574 1595 1659 1637 Nc-

228 1673 290 1699 mo
317 1659 364 1700 ab
386 1659 461 1700 alio
486 1659 770 1710 contemnitur,
804 1660 877 1700 nisi
901 1674 923 1700 a
947 1674 990 1701 se
1011 1668 1100 1701 ante
1123 1667 1365 1716 contemptus
1386 1668 1461 1703 est.
1522 1662 1660 1704 Humi-

226 1725 274 1767 lis
297 1734 336 1767 et
356 1727 552 1782 proiectus
571 1726 722 1767 animus
742 1726 793 1766 sit
812 1727 875 1767 isti
900 1728 1157 1769 contumeliae
1181 1735 1441 1784 opportunus:
1475 1730 1540 1784 qui
1562 1743 1658 1771 uero

227 1794 416 1836 aduersus
441 1793 695 1836 saeuissimos
722 1808 835 1835 casus
860 1808 904 1836 se
922 1795 1074 1836 extollit
1098 1803 1138 1837 et
1158 1809 1204 1837 ea
1227 1796 1327 1837 mala
1351 1796 1488 1851 quibus
1509 1797 1574 1838 alii
1592 1812 1659 1853 op-

273 1917 305 1950 2.
331 1931 352 1962 g
364 1935 409 1947 =
421 1924 519 1960 parte
541 1920 693 1959 fortunae.

273 1965 424 1997 adversus
447 1967 616 1997 omnis=
635 1963 702 1995 BG.
772 1965 803 1999 z
815 1986 855 1999 ω
867 1965 920 1999 §Bo

966 1921 1105 1953 ordinem
1125 1921 1285 1960 redeyerat
1295 1935 1341 1948 =
1353 1921 1462 1963 BGAg
1485 1920 1530 1964 (G
1540 1935 1585 1949 ==
1600 1923 1656 1953 tri-

965 1968 1084 2007 genta.
1130 1967 1159 1996 A
1179 1979 1224 1992 =
1249 1965 1428 2005 tirannos).
1499 1966 1529 1998 D
1543 1967 1573 2001 z:
1595 1988 1607 2000 0
1620 1989 1631 2001 0
1644 1989 1655 2001 0

227 2022 274 2035 =
293 2010 443 2041 adversus
463 2019 593 2041 omnes.
643 2009 724 2051 ADg
742 2020 774 2040 n.
787 2008 809 2040 l.
837 2010 863 2040 D
877 2027 918 2033 -

228 2055 295 2084 erit.
343 2055 408 2088 53:313
419 2069 461 2081 =
474 2056 561 2085 eris.
611 2054 639 2084 D
655 2056 688 2090 -1-
708 2064 723 2084 e
735 2065 753 2085 u
764 2063 795 2084 m
818 2055 921 2086 invul-

226 2099 405 2129 nerabilem.
452 2098 480 2128 D
502 2097 559 2129 1³2.
582 2114 628 2120 ——
652 2099 779 2129 dimisit.
826 2099 854 2129 D
877 2113 920 2124 =

228 2144 379 2182 yravis
401 2144 531 2174 humani
546 2144 640 2181 pestis
656 2154 689 2171 ω
706 2153 755 2174 nu
766 2152 798 2173 m
817 2144 920 2182 saciet.

228 2187 259 2217 D
273 2192 468 2219 —natarae.
517 2187 544 2218 D
556 2185 611 2219 ΡΖ.
632 2191 665 2224 -ξ-
684 2197 706 2218 α
725 2191 856 2227 pectore.
889 2186 920 2217 G

228 2250 267 2255 —
283 2234 391 2264 mortis
414 2238 491 2263 ante
513 2235 638 2263 metum.

273 2286 304 2320 3.
332 2299 411 2330 g=
425 2290 574 2328 quodsi
597 2298 658 2320 non
680 2289 854 2319 violaverit.
900 2298 920 2329 g

227 2347 271 2360 =
285 2335 384 2365 omnis
407 2335 539 2365 animi
562 2334 728 2372 cupiditas.
770 2332 798 2363 G
811 2347 854 2359 =
868 2342 920 2363 cu-

225 2379 345 2419 piditas
364 2381 397 2411 in
420 2381 580 2410 tantum
601 2379 787 2417 praeteribit.
811 2378 921 2418 Dg=

227 2425 361 2454 intacta
383 2433 432 2463 pr.
482 2423 509 2453 D
531 2438 575 2450 =
595 2425 663 2454 Non
681 2423 805 2462 sin9ula
827 2424 921 2454 vita.

231 2467 302 2499 Col.
316 2483 359 2495 =
373 2473 408 2500 et
430 2470 620 2500 universum.

274 2516 366 2545 semel
397 2515 567 2545 vincitur
586 2527 631 2539 =
650 2512 767 2543 BGAD
783 2512 836 2553 (g)
863 2511 920 2543 Gr.

230 2559 300 2591 (9)ϊο
314 2582 323 2591 .
339 2583 347 2591 .
363 2583 371 2591 .
386 2558 454 2593 ffil.
525 2557 605 2588 cod.
619 2556 707 2599 Lips.
724 2561 757 2594 —l-
773 2559 857 2588 nisi
875 2566 921 2588 se-

229 2605 288 2634 mel
310 2606 452 2635 vincitur.
498 2601 589 2644 Lips.
614 2601 653 2633 ci.
669 2609 703 2638 -4-
724 2603 809 2634 nisi
831 2602 923 2632 semel

229 2656 249 2678 v
261 2648 300 2679 iu
312 2650 365 2679 cit
387 2650 529 2680 vincitur.
563 2648 593 2681 Ξ
607 2670 615 2681 .
630 2670 638 2679 .
654 2670 663 2681 .
677 2645 732 2680 2²4.
747 2647 803 2681 {Ru
816 2668 854 2680 ..0
868 2647 921 2680 §80

229 2706 273 2718 =
285 2695 377 2723 semel
403 2694 532 2724 vincit.
576 2692 604 2722 D
620 2706 658 2719 ==
669 2693 840 2731 sapientem
859 2701 879 2722 η
890 2700 922 2722 ο-

230 2745 317 2767 men
347 2746 435 2776 posse
470 2739 578 2776 quia.
636 2748 656 2778 g
677 2750 722 2764 =
742 2737 846 2767 eodem
880 2744 923 2766 eo

229 2782 328 2812 vultu.
375 2780 433 2811 BG
446 2795 490 2807 =
504 2783 592 2812 vultu
615 2791 633 2821 q
645 2791 666 2812 u
676 2783 696 2813 i.

274 2827 402 2866 triyinta
423 2828 572 2865 tyrannos
593 2828 676 2857 solus
698 2825 869 2865 aliquando
891 2826 924 2857 in

966 2012 1020 2045 <230
1039 2024 1084 2037 =
1105 2011 1277 2050 aliquando
1298 2012 1381 2042 solus
1400 2012 1528 2050 triginta
1549 2014 1657 2050 tyran-

966 2065 1021 2087 nos
1044 2057 1076 2086 in
1093 2056 1161 2086 ord.
1178 2056 1245 2086 red.
1267 2055 1308 2096 (D
1320 2055 1571 2096 =redi9erat).
1594 2057 1658 2087 mA

966 2099 1078 2130 adiicit
1112 2099 1212 2130 haec:
1257 2101 1292 2130 id
1324 2104 1367 2132 est
1398 2102 1509 2133 inter
1545 2102 1657 2132 viles

965 2153 1079 2182 comp
1091 2147 1188 2174 utav
1200 2147 1299 2175 erat.
1346 2145 1377 2178 ΣΞ
1390 2166 1400 2178 .
1414 2168 1425 2178 .
1438 2167 1449 2178 .
1463 2144 1525 2178 (ξῖ.
1545 2154 1656 2184 =po-

965 2191 1090 2219 terant
1125 2197 1288 2219 carceres
1317 2189 1417 2219 viden·
1439 2190 1472 2220 in
1500 2199 1518 2228 q
1530 2191 1656 2221 uibus

967 2237 1083 2264 contra
1106 2237 1208 2262 mstos
1234 2231 1332 2263 etiam
1355 2231 1444 2263 Pinc.
1471 2232 1529 2264 Gr.

1010 2284 1042 2319 4.
1065 2287 1094 2318 D
1115 2302 1161 2314 =
1182 2288 1226 2318 ad
1254 2288 1555 2327 concupiscendum
1575 2290 1656 2320 veri-

965 2336 1069 2364 tatem.
1104 2333 1133 2363 D
1146 2331 1204 2363 P2.
1216 2347 1261 2359 =
1273 2333 1469 2364 obcaecatus
1491 2336 1546 2364 est.
1570 2332 1654 2364 Reli.

967 2376 1066 2408 etiam
1088 2374 1146 2409 P3.
1163 2372 1194 2408 4.
1212 2376 1282 2409 Col.
1299 2388 1349 2408 ω.
1394 2379 1515 2419 g=in
1535 2379 1655 2417 petitio-

965 2431 1052 2454 nem
1093 2425 1269 2462 praeturae.
1325 2421 1356 2452 G
1378 2436 1424 2449 =
1441 2423 1475 2454 in
1513 2424 1655 2462 petitione

963 2467 1212 2506 praefecturae.
1250 2469 1373 2498 A=et
1395 2467 1593 2499 consolatus.
1626 2466 1655 2498 D

967 2526 1010 2539 =
1034 2513 1224 2543 consolatus
1257 2522 1321 2543 om.
1346 2514 1384 2542 et.
1442 2522 1462 2554 g
1485 2526 1528 2538 =
1547 2513 1657 2552 quibas

967 2566 1014 2588 ex
1025 2558 1157 2596 empta
1196 2558 1310 2588 Catone
1343 2557 1439 2588 honor
1471 2558 1531 2588 hab
1542 2559 1655 2588 eatur.

969 2601 999 2632 G
1010 2616 1053 2628 =
1065 2611 1086 2632 η
1098 2610 1115 2632 ο
1125 2611 1145 2632 η
1163 2601 1192 2642 [s
1203 2602 1257 2643 ab]
1283 2602 1345 2633 alio
1367 2603 1588 2641 contempnitur
1607 2602 1656 2632 ‘ni-

967 2648 995 2678 si
1018 2647 1069 2677 ad
1093 2644 1173 2686 [hoc
1195 2657 1239 2677 cr.
1255 2647 1309 2687 ω]
1334 2655 1366 2677 se
1388 2649 1577 2685 contemptas
1598 2647 1652 2677 est.

968 2689 1027 2722 1³2.
1040 2691 1071 2724 z
1094 2712 1105 2724 .
1119 2711 1152 2724 0·
1173 2689 1237 2726 (ξῖ.
1259 2708 1303 2715 —
1323 2694 1403 2722 ante.
1448 2689 1534 2722 Bell.
1557 2688 1655 2721 etiam

968 2734 1057 2766 Pinc.
1083 2734 1155 2766 Col.
1171 2747 1220 2767 ῳ.
1267 2737 1488 2777 g=11umitis
1510 2738 1538 2767 et
1560 2736 1655 2766 sub-

966 2781 1062 2811 iectus
1083 2781 1207 2813 animus
1228 2782 1294 2812 sit.
1338 2781 1478 2823 g-aqui
1497 2789 1576 2812 non
1595 2779 1654 2810 ad-

967 2834 1083 2856 versus.
