1812 3184
263 193 348 238 686
713 196 756 235 L.
787 180 984 237 ΑΝ-ΝΑιῑι
1015 195 1244 239 εΕΝΕοΑΕ

263 321 340 347 non
370 306 740 362 praetermissurus,
786 307 819 348 si
850 307 939 362 quid
971 308 1164 364 explorati
1192 310 1289 366 apud
1318 310 1406 352 illos
1435 310 1693 367 conperisset}

261 372 350 414 Duo
374 380 480 415 certe
504 374 570 429 qui
592 374 690 429 apud
712 371 932 416 Chaldaeos
955 374 1151 417 studuisse
1173 389 1218 418 se
1240 375 1394 429 dicunt,
1435 376 1636 434 Epigenes
1656 384 1697 421 et

260 440 495 496 Apollonius
523 439 736 497 Myndius5
779 441 1039 497 peritissimus
1077 442 1405 498 inspiciendorum
1445 445 1692 498 naturalium,

227 523 243 548 3
263 507 366 548 iuter
386 521 429 548 se
452 507 654 549 dissident.
716 506 813 549 Hic·
802 508 925 550 ·enim
953 509 1009 551 ait
1034 516 1205 551 cometas
1234 509 1275 551 in
1305 522 1468 552 numero
1494 511 1693 554 stellarum

259 574 470 615 errantium
501 574 590 632 poni
609 588 630 615 a
657 572 867 617 Chaldaeis
895 576 1098 631 tenerique
1119 586 1258 618 cursus
1286 587 1438 619 eorum.
1497 575 1696 634 Epigenes

258 647 393 682 contra
415 641 469 682 ait
490 639 709 683 Chaldaeos
736 642 830 684 nihil
860 642 906 684 de
937 643 1101 685 cometis
1125 643 1269 685 habere
1302 638 1584 699 conprehensi,
1602 643 1695 686 sed

257 707 380 748 uideri
420 708 508 749 illos
548 708 709 749 accendi
748 709 901 753 turbine
931 710 1096 764 quodam
1127 710 1233 752 aeris
1262 710 1444 752 concitati
1474 713 1515 751 et
1540 710 1691 752 ἰιιιοιιι.

255 772 330 815 IV.
361 773 535 815 Primum
559 788 654 829 ergo
670 805 682 826 ,
714 775 748 816 si
773 775 841 817 tibi
866 777 1043 828 uidetur,
1075 776 1280 832 opiniones
1299 777 1411 818 huius
1435 759 1624 833 ponamus
1646 788 1693 819 ac

256 841 495 882 refellamus.
556 840 660 884 Huic
697 842 853 883 uidetur
887 843 1091 898 plurimum
1129 843 1270 885 uirium
1306 844 1450 885 habere
1478 844 1527 885 ad
1555 853 1692 886 omnes

256 907 476 953 sublimium
514 915 641 948 motus
680 909 790 949 stella
827 908 1012 951 Saturnit
1053 910 1162 951 Ilaec
1198 923 1292 952 cum
1324 911 1534 964 proxima
1567 911 1694 965 sifflm

256 973 401 1015 Marti
417 975 580 1028 premit
600 979 675 1015 aut
691 976 736 1015 in
757 975 885 1017 lunae
904 976 1109 1016 uiciniam
1131 976 1290 1017 transit
1309 976 1449 1025 autin
1464 976 1570 1018 solis
1587 976 1694 1018 inci-

255 1039 320 1080 dit
356 1040 535 1092 radios,
574 1045 736 1082 natura
765 1046 946 1083 uentosa
974 1046 1016 1083 et
1039 1040 1213 1097 sriyida
1247 1042 1464 1084 contrahit
1491 1041 1695 1097 pluribus

217 1122 235 1147 2
254 1106 362 1147 locis
386 1119 497 1148 aera
528 1107 848 1163 conylobatque.
907 1108 1064 1150 deinde
1084 1109 1123 1150 si
1142 1108 1296 1151 radios
1315 1109 1420 1151 solis
1439 1107 1695 1164 adsumpsit,

252 1178 375 1214 tonat
399 1173 704 1229 fillyuratque:
743 1176 781 1216 si
800 1174 992 1216 Martem
1014 1188 1180 1230 quoque
1200 1173 1526 1218 consentientem
1546 1175 1689 1229 habet,

248 1239 465 1294 fulminat.
527 1240 795 1293 Praeterea,
835 1242 982 1296 inquit,
1023 1243 1156 1283 aliam
1178 1243 1406 1284 materiam
1429 1241 1585 1285 liabent
1601 1241 1690 1299 ful-

252 1309 393 1359 mina,
425 1309 558 1349 aliam
576 1307 910 1363 fulqurationes.
967 1308 1191 1364 Aquarum
1211 1310 1320 1350 enim
1340 1313 1383 1351 et
1401 1310 1538 1351 omnis
1557 1309 1688 1351 kumi-

251 1374 298 1415 di
325 1376 585 1429 euaporatio
614 1375 870 1428 splendores
898 1380 1060 1416 tantum
1089 1375 1199 1416 coeli
1221 1375 1334 1416 citra
1354 1376 1482 1417 ictum
1500 1376 1690 1418 minaces

250 1446 415 1482 mouet.-
454 1442 535 1482 illa
558 1446 698 1482 autem
729 1442 919 1483 calidior
944 1443 1186 1496 sicciorque
1214 1446 1433 1483 terrarum
1455 1441 1688 1483 exhalatio

216 1518 233 1543 3
247 1507 435 1562 fulmina
462 1508 668 1549 extundit.
731 1507 895 1550 Trabes
917 1521 1025 1550 uero
1045 1513 1087 1550 et
1102 1508 1229 1563 faces
1249 1521 1358 1562 quae
1376 1508 1496 1549 nvillo
1514 1507 1605 1550 alio
1624 1508 1689 1550 in-

251 1580 319 1616 ter
341 1589 393 1616 se<
405 1587 531 1629 quam
552 1575 843 1629 maynitudine
861 1576 1024 1617 distant
1041 1575 1122 1616 hoc
1141 1575 1268 1616 modo
1287 1573 1418 1629 fiunt:
1445 1588 1538 1616 cum
1557 1575 1690 1618 humi-

250 1641 309 1683 da
330 1646 590 1696 terrenaque
612 1642 656 1682 in
677 1655 724 1683 se
741 1642 893 1697 ylobus
919 1643 1076 1701 aliquis
1101 1643 1220 1683 aeris
1238 1642 1395 1683 clausit
1414 1655 1534 1697 quem
1555 1642 1687 1685 turbi-

992 1735 1105 1764 motus.
1152 1731 1176 1763 B
1189 1745 1235 1759 =
1246 1733 1341 1764 Marti
1362 1733 1463 1772 signa.
1499 1731 1530 1764 G
1539 1731 1584 1760 =
1593 1733 1687 1772 si9no

294 1730 399 1773 Bong.
424 1741 463 1762 ex
476 1730 545 1762 Cui.
559 1744 604 1758 =
613 1741 676 1763 non
695 1740 718 1771 p
728 1741 745 1763 ο
755 1733 950 1765 stmissurus

993 1777 1097 1808 Marti
1105 1785 1121 1808 s
1146 1776 1176 1818 [s
1197 1775 1324 1819 premit]
1360 1779 1414 1807 aut
1439 1778 1509 1808 lune
1531 1778 1643 1809 vicina
1652 1785 1685 1809 m

250 1777 277 1806 si
302 1777 377 1815 quid
408 1776 567 1808 elaborati.
618 1777 640 1806 B
662 1790 707 1803 =
731 1785 762 1807 se
795 1778 948 1809 studuisse

249 1820 366 1851 dicunt.
393 1821 415 1850 l}
427 1835 472 1848 =
485 1822 666 1860 Apollonius
678 1821 809 1852 medic
819 1831 840 1852 u
849 1831 875 1852 s.
899 1821 948 1852 Ee

248 1878 293 1890 =
308 1866 397 1903 Apoll
409 1866 498 1897 inius
520 1874 552 1896 m
562 1876 583 1896 u
593 1876 613 1898 n
624 1867 705 1897 dius.
744 1864 834 1896 GGr.
847 1880 892 1893 =
906 1868 948 1898 A·

247 1910 401 1948 pellonias
424 1911 458 1941 M
467 1920 488 1940 u
497 1920 518 1941 n
529 1911 610 1941 dius.
658 1912 690 1944 Q
704 1924 749 1936 =
767 1912 948 1950 Apollonius

248 1955 393 1984 mundi
420 1956 635 1993 peritissimus.
681 1954 836 1985 schottus
866 1954 947 1996 legit

247 1999 508 2036 inspiciendorum
526 2001 707 2030 natalium
719 2013 762 2026 =
774 2000 844 2034 fflu.
868 2010 945 2042 pro-

248 2040 328 2072 bant
351 2041 479 2073 Fabric.
509 2048 541 2073 et
570 2042 663 2074 Harl.
696 2043 777 2074 Bibl.
804 2044 863 2074 Gr.
887 2044 943 2076 lv.

247 2096 280 2126 p.
302 2084 375 2116 152.
424 2087 723 2128 G(moe)=inler
746 2097 777 2119 se
801 2089 944 2119 dixis-

245 2138 261 2160 s
271 2139 286 2161 e
295 2139 316 2160 n
328 2132 349 2160 t.

291 2171 325 2204 3.
359 2174 406 2204 Ee
426 2187 470 2201 =
494 2175 552 2206 Hic
582 2177 717 2205 autem
740 2176 795 2206 ait.
842 2174 941 2209 QQI.

246 2232 290 2245 =
303 2227 411 2250 cursus
434 2228 448 2250 e
458 2228 478 2249 o
487 2228 569 2250 rum.
595 2220 618 2250 B
629 2233 673 2246 =
685 2221 730 2250 eil
753 2229 767 2250 s
776 2228 791 2250 e
814 2228 834 2250 a
847 2220 941 2250 Ghol-

246 2263 360 2293 daeis
382 2264 458 2294 nihil
481 2264 591 2295 habere
614 2265 810 2303 conprehensi
823 2264 876 2295 sed
892 2265 940 2295 vi-

246 2307 312 2338 deri
333 2308 462 2338 accendi
484 2309 562 2339 illos.
611 2319 628 2339 e
641 2309 757 2339 =nil
780 2309 818 2339 de
840 2317 940 2339 come-

247 2353 295 2382 lis.
344 2351 447 2392 G(cr.
465 2353 521 2391 ω)
545 2366 591 2380 =
612 2354 698 2384 nisi
735 2353 772 2383 de
806 2353 939 2383 cometis.

244 2394 333 2427 Pinc.
358 2395 398 2427 ci.
419 2411 465 2424 =
486 2398 541 2429 sed
567 2398 667 2428 videri
690 2398 770 2428 illis
802 2397 940 2428 accendi.

246 2438 302 2472 P3.
316 2454 361 2467 =
373 2443 515 2473 concitati
538 2445 565 2473 et
588 2443 746 2473 contorti.

515 2485 595 2528 Cap.
619 2487 677 2518 IV.

288 2531 320 2564 §23
340 2544 386 2558 =
408 2531 565 2570 opiniones
595 2532 809 2562 huiusmodi
838 2539 939 2570 pona-

242 2582 322 2605 mus.
371 2576 396 2606 B
411 2579 445 2612 -f-
461 2579 496 2607 et
519 2577 589 2607 huic
611 2576 733 2607 videtur
752 2576 937 2614 plurimum.

243 2619 342 2653 2851.
354 2634 399 2647 =
413 2622 443 2651 H
451 2622 463 2651 i
472 2630 493 2651 n
503 2630 519 2652 c
540 2621 664 2651 videtur
680 2621 865 2659 plurimum.
906 2618 936 2650 G

243 2677 287 2689 =
305 2665 419 2696 virium
439 2666 622 2703 plurimum.
670 2662 840 2703 Quaedam
862 2673 934 2694 cxx.

242 2706 330 2737 Pinc.
355 2726 397 2732 —
418 2710 462 2740 ad
486 2718 590 2740 omnes
615 2710 793 2740 sublimium
824 2711 935 2739 motus.

243 2750 270 2780 G
286 2754 397 2793 (mm)
424 2769 465 2776 —
488 2754 599 2785 habere
631 2754 675 2785 ad
705 2762 809 2785 omnes
839 2753 935 2784 subli-

239 2797 347 2827 mium.
394 2797 419 2827 B
434 2811 479 2825 =
494 2798 537 2828 ad
561 2799 735 2830 omnium
756 2798 934 2830 sublimium

995 1820 1072 1864 (hoc
1096 1831 1140 1853 cr.
1155 1820 1223 1863 ω).
1270 1822 1303 1855 §3
1323 1834 1369 1848 =
1388 1822 1473 1852 Haec
1495 1824 1579 1852 tum
1603 1819 1682 1862 [m.

1041 1867 1098 1900 (5
1113 1866 1173 1908 =]
1197 1867 1346 1905 proxima
1366 1867 1459 1905 signa
1481 1866 1607 1897 Martis
1627 1868 1684 1896 aut

991 1912 1024 1942 in
1047 1912 1139 1942 lunae
1160 1912 1274 1942 vicina
1296 1911 1416 1943 transit.
1460 1907 1563 1941 Trist.
1578 1907 1680 1942 Verd.

991 1969 1036 1982 ==
1057 1956 1181 1987 Mariis
1211 1956 1334 1994 premit.
1379 1953 1471 1985 Fort.
1493 1968 1538 1980 =
1561 1956 1615 1985 aui
1647 1954 1682 1985 in

991 2001 1124 2031 lucem
1146 2000 1306 2031 viciniam.
1354 1995 1413 2030 1³4.
1438 1997 1508 2029 Col.
1525 2012 1570 2018 —-
1589 1999 1682 2029 ιωιιιο

988 2045 1118 2075 vicina.
1163 2044 1299 2076 Fortun.
1322 2041 1362 2074 ci.
1385 2056 1431 2070 ==
1450 2045 1506 2074 oui
1526 2045 1560 2075 in
1589 2043 1681 2074 lunae

988 2089 1136 2119 viciniam
1159 2087 1229 2120 sive
1255 2085 1328 2128 [P3.
1350 2085 1444 2118 Anic.
1454 2086 1520 2130 =]
1547 2089 1682 2119 lucem

987 2133 1160 2165 vicinam.
1207 2133 1305 2163 Ee—
1319 2129 1351 2163 in
1373 2137 1451 2163 ante
1473 2133 1576 2163 lunae.
1599 2131 1682 2162 B==

988 2179 1043 2205 aut
1065 2177 1098 2206 in
1123 2178 1197 2207 solis
1217 2176 1325 2206 radios
1346 2177 1455 2207 incidit
1468 2179 1602 2211 ventosa
1619 2184 1681 2207 na-

986 2221 1069 2249 tura.
1118 2217 1208 2250 (31²4.
1223 2217 1294 2249 Col.
1313 2235 1347 2242 -
1360 2221 1394 2250 in
1416 2224 1494 2249 ante
1515 2221 1598 2250 solis.
1647 2218 1679 2249 G

985 2277 1030 2290 =
1050 2264 1150 2294 Nam
1174 2262 1234 2306 [cr.
1254 2261 1307 2305 ω]
1331 2265 1458 2294 ventosa
1489 2266 1517 2294 et
1547 2263 1679 2303 frigida.

986 2309 1010 2338 B
1025 2311 1059 2345 -l-
1075 2309 1219 2347 pluribus
1241 2309 1284 2339 in
1306 2307 1389 2338 locis.

1028 2350 1061 2383 2.
1086 2351 1144 2382 BG
1158 2350 1216 2383 P4.
1243 2350 1313 2383 COI-
1338 2351 1489 2385 ffiooo&
1514 2365 1559 2380 =
1577 2352 1679 2383 alm

983 2399 1183 2428 naturam
1228 2397 1340 2428 liabent
1381 2396 1527 2435 fulmina.
1582 2395 1678 2427 ‚EmG

984 2441 1078 2472 Fort.
1100 2439 1159 2472 1²3.
1180 2452 1230 2471 ω.
1277 2441 1310 2475 ,⁸8
1326 2453 1371 2468 =
1392 2441 1563 2480 fulyumtio
1572 2437 1619 2472 n'e
1641 2449 1678 2472 a·

983 2495 1128 2525 quarum.
1174 2486 1199 2517 B
1219 2499 1264 2512 =
1284 2486 1445 2525 Aquamm
1475 2486 1556 2516 enim
1578 2486 1678 2517 mnnis

983 2531 1132 2561 humida
1154 2531 1346 2569 evaporatio.
1391 2529 1417 2559 B
1440 2542 1484 2555 =
1508 2530 1623 2560 circa
1648 2530 1676 2561 i-

983 2577 1066 2605 ctum
1084 2575 1230 2606 minaces.
1278 2573 1405 2615 G(scx>)
1417 2574 1478 2608 effi
1488 2574 1675 2605 ==oalidior

980 2620 1090 2650 siccior
1113 2629 1179 2650 om.
1202 2628 1271 2659 que.
1304 2619 1534 2658 B=fulmina
1555 2626 1676 2649 excu-

982 2664 1046 2694 tit.
1093 2663 1246 2695 GGr.=
1267 2664 1402 2704 fulmina
1423 2663 1602 2695 extendit.
1645 2661 1686 2693 E*

980 2708 1013 2741 Q
1029 2719 1080 2739 ω.

1024 2750 1057 2785 3.
1089 2752 1114 2783 Β
1137 2766 1182 2780 =
1200 2753 1309 2792 globus
1331 2753 1446 2791 aliquis
1473 2752 1555 2783 aeris
1576 2751 1610 2783 in
1641 2758 1673 2782 οε

978 2798 1100 2829 clausit.
1146 2798 1179 2832 Q
1191 2806 1339 2838 =quem
1359 2797 1510 2829 turbinem
1532 2792 1647 2828 demi
1655 2802 1671 2825 s
