1812 3184
273 184 355 229 744
626 232 628 235 .
663 181 969 223 FRAGMENTA
1000 183 1069 223 EX
1099 183 1318 224 SCRIPTIS

273 293 518 350 componitur
556 293 659 336 inter
687 294 893 346 absentes,
938 307 1009 335 nec
1046 301 1129 344 tuto
1157 294 1333 350 epistulis
1371 295 1497 337 omnis
1535 295 1708 352 querella

272 362 548 414 committitur,
581 369 620 403 et
650 361 898 416 inexplorata
921 362 1071 414 fronte,
1103 375 1173 417 per
1198 376 1310 417 quam
1334 360 1704 417 produntur‘animi‚

271 430 461 471 incertum
494 436 555 470 est
584 444 697 484 quam
728 428 956 484 simpliciter
976 429 1180 483 detegatur
1200 429 1283 481 ira,
1316 443 1430 484 quam
1454 429 1618 472 fideliter
1641 430 1707 472 de-

271 498 388 539 sinat.
449 495 518 539 Sic
555 496 679 538 amico
719 496 971 538 iudicaturus
1011 497 1173 538 amicus
1201 510 1224 537 a
1252 503 1460 552 praesente
1488 497 1707 540 secundum

270 565 472 606 absentem
503 565 582 605 det.

385 630 573 686 Quisquis
594 645 639 672 re
670 631 848 672 consulta
877 630 908 672 ri
926 662 934 671 .
954 662 962 671 .
984 660 993 671 .
1015 662 1023 671 .
1043 630 1248 672 contrahat
1268 620 1472 686 plurimum
1502 629 1632 687 operis
1651 630 1707 672 fa-

272 699 348 740 cit:
389 699 430 740 in
448 713 531 739 rem
551 705 798 755 praesentem
821 698 1006 754 perducat
1025 698 1206 739 amicum.
1260 696 1593 751 Quemadmodum
1610 697 1709 739 mul-

270 773 310 807 ta
332 780 495 821 quorum
523 766 564 806 in
588 766 760 806 tenebris
787 765 946 806 andacia
969 772 1054 817 est,
1086 765 1172 806 luce
1196 765 1473 820 prohibentur3
1501 765 1578 817 ita,
1609 778 1707 820 quae

270 833 454 874 absentes
474 833 636 874 inritant
655 840 693 874 et
715 833 926 884 concitant,
952 833 999 873 ad
1021 832 1281 887 praesentiam
1303 846 1382 873 non
1403 833 1548 874 ferunt.
1595 828 1707 887 Opti-

270 915 375 942 mum
405 907 465 941 est
485 900 616 955 itaque
632 931 642 951 ,
684 900 798 940 etiam
824 899 858 940 si
883 899 972 953 quid
998 898 1269 952 neglegentius
1300 898 1616 952 praetermissum
1645 904 1707 938 est

274 998 283 1007 .
303 998 312 1007 .
329 998 338 1007 .
357 997 367 1008 .
385 967 453 1008 bu.
487 981 553 1007 an.
585 981 625 1007 u.
660 967 801 1006 factum
834 978 902 1005 erc
922 995 1043 1005 .....
1072 970 1320 1018 conputatum
1343 993 1353 1004 .
1385 994 1395 1004 .
1419 994 1429 1004 .
1451 963 1561 1005 verbi
1583 993 1702 1005 .....

268 1034 310 1075 ἰιι
339 1033 378 1074 id
407 1040 559 1088 tempus
576 1062 586 1073 .
607 1063 617 1073 .
639 1062 648 1073 .
664 1032 730 1086 niq
751 1062 760 1071 .
784 1046 806 1072 o
828 1031 978 1086 possit.
997 1061 1006 1071 .
1025 1061 1034 1071 .
1049 1060 1060 1071 .
1086 1030 1162 1071 nob
1178 1060 1188 1071 .
1202 1029 1238 1071 le
1258 1061 1267 1070 .
1284 1060 1294 1071 .
1309 1030 1345 1071 le
1365 1043 1409 1071 re
1426 1060 1636 1072 ........
1655 1043 1705 1071 ne

269 1114 366 1157 pens
389 1101 494 1141 ad..
512 1099 622 1140 nari.
640 1098 695 1140 .si
724 1129 733 1140 .
752 1112 786 1152 1)
798 1105 998 1139 raeterea
1027 1098 1241 1139 sinceram
1271 1096 1489 1142 amicitiam
1518 1097 1632 1138 decet
1665 1104 1707 1138 ut

269 1168 355 1209 sine
386 1166 569 1208 cicatrice
598 1172 775 1208 sanetur.

384 1233 631 1288 Quaeramus
659 1247 683 1274 a
712 1231 960 1274 uenientibus
979 1232 1067 1287 quid
1091 1232 1274 1272 absentes
1295 1237 1437 1286 agant,
1469 1230 1707 1272 debitoribus

268 1302 423 1343 illorum
453 1301 671 1354 instemus,
703 1300 961 1342 creditoribus
987 1299 1317 1356 respondeamus,
1349 1298 1516 1339 inimicis
1544 1297 1706 1350 resista-

270 1383 381 1409 mus:
415 1367 450 1409 si
479 1375 547 1410 aut
574 1393 631 1400 --
659 1393 716 1399 —
753 1392 798 1397 —

382 1433 437 1476 II.
471 1435 680 1490 quaeritis:
712 1435 843 1488 itaque
867 1439 1063 1475 momento
1081 1431 1273 1471 amicitiae
1297 1436 1454 1471 uestrae
1473 1428 1707 1478 exolescunt

271 1517 434 1558 quarum
465 1516 574 1543 mens
605 1509 673 1542 aut
702 1493 1021 1555 animus'pignus
1051 1499 1126 1539 est.

270 1566 273 1569 χ
383 1568 472 1610 Una
497 1567 761 1624 peregrinatio
793 1566 918 1607 eradit
944 1565 1072 1606 animo
1102 1564 1163 1604 ius
1193 1576 1330 1604 omne:
1363 1562 1397 1604 si
1426 1576 1522 1604 uero
1551 1562 1706 1618 longior

270 1637 368 1678 haec
402 1642 463 1676 est
491 1641 531 1676 et
559 1633 832 1690 longinquior,
879 1631 1026 1674 excidit
1055 1630 1192 1672 notitia
1226 1643 1405 1685 quoque,
1445 1644 1523 1671 non
1558 1635 1703 1671 tantum

271 1702 456 1744 amicitia.
519 1700 635 1756 Quod
663 1715 712 1743 ne
742 1700 864 1756 possit
893 1699 1098 1750 accidere,
1141 1697 1246 1738 omni
1276 1711 1397 1752 opera
1423 1693 1632 1748 sistamus,
1665 1703 1705 1738 et
1752 1688 1754 1690 ’

271 1770 484 1825 fugientem
510 1769 738 1810 memoriam
760 1767 1013 1809 reducamus:
1046 1772 1222 1815 utamur,
1254 1771 1296 1805 ut
1315 1764 1354 1805 in
1377 1764 1499 1820 prima
1517 1769 1624 1818 parte
1646 1763 1702 1804 di-

271 1838 430 1890 cebam,
463 1836 582 1878 animi
613 1835 841 1886 uelocitate,
874 1833 1068 1875 neminem
1102 1846 1125 1873 a
1148 1831 1261 1873 nobis
1289 1830 1451 1872 amicum
1477 1830 1616 1872 abesse
1636 1843 1705 1885 pa-

272 1906 439 1956 tiamur,
482 1904 523 1945 in
555 1903 724 1945 animum
756 1902 919 1944 subinde
951 1907 1125 1941 nostrum
1156 1905 1408 1940 reuertantur
1435 1898 1560 1938 futura
1590 1895 1704 1937 nobis

271 1978 449 2027 promtu,
482 1971 559 2012 iam
581 1977 624 2012 ut
652 1969 865 2026 praeterita
894 1974 1137 2023 repetamus:
1180 1965 1237 2007 sic
1265 1964 1330 2007 ille
1358 1977 1522 2015 manus„
1553 1962 1610 2004 sic
1633 1977 1704 2004 ora

271 2038 445 2080 ferebat:
477 2038 606 2093 imago
627 2038 835 2092 effingatur
862 2035 991 2076 animo
1017 2033 1197 2074 notabilis
1221 2039 1260 2073 et
1281 2045 1303 2073 e
1333 2031 1424 2072 uiuo
1452 2029 1592 2085 petita,
1624 2043 1703 2070 non

273 2105 438 2146 euanida
469 2112 509 2146 et
536 2111 657 2145 muta.
721 2102 790 2145 Sic
819 2103 884 2143 ille
905 2112 1068 2152 manus,
1101 2100 1157 2141 sic
1182 2113 1251 2140 ora
1284 2098 1455 2139 ferebat:
1493 2095 1703 2137 adiciamus

271 2171 337 2212 illa
360 2183 460 2224 quae
478 2171 607 2222 magis
633 2171 681 2208 ad
705 2183 787 2207 rem
814 2169 1031 2219 pertinent:
1073 2167 1130 2207 sic
1157 2165 1413 2220 loquebatur,
1444 2163 1500 2204 sic
1523 2161 1706 2203 hortaba-

273 2244 359 2287 tur,
400 2235 456 2276 sic
490 2233 734 2284 deterrebat,
777 2232 834 2272 sic
867 2236 949 2271 erat
975 2229 1015 2269 in
1044 2230 1169 2269 dando
1199 2231 1362 2269 consilio
1395 2229 1623 2283 expeditus,
1663 2228 1705 2269 in

272 2302 496 2357 accipiendo
515 2308 696 2356 paratus,
731 2299 770 2340 in
798 2297 981 2339 mutando
1005 2309 1083 2336 non
1100 2294 1304 2349 pertinax:
1338 2293 1394 2334 sic
1416 2293 1566 2333 solebat
1585 2295 1705 2335 bene-

273 2371 359 2412 ficia
386 2368 597 2410 liberaliter
620 2369 736 2418 dare,
769 2365 963 2421 patienter
981 2362 1145 2418 perdere
1159 2391 1170 2411 ,
1203 2360 1259 2401 sic
1280 2359 1512 2414 properabat
1529 2357 1706 2413 benigni-

273 2445 333 2478 tas
363 2436 475 2487 eius,
506 2436 563 2476 sic
592 2433 857 2483 irascebatur,
903 2444 950 2471 eo
977 2429 1085 2470 uultu
1116 2427 1162 2468 ab
1192 2426 1316 2467 amico
1345 2425 1597 2478 uincebatur,
1631 2439 1707 2480 quo

275 2505 404 2547 solent
448 2502 632 2543 uincere:
680 2507 833 2541 ceteras
870 2498 1035 2538 uirtutes
1073 2489 1350 2550 pererremus,
1391 2492 1432 2533 in
1469 2492 1604 2533 harum
1633 2505 1707 2533 usu

273 2577 519 2624 tractatuque
550 2581 775 2609 uersemur:
822 2572 884 2616 et,
927 2564 961 2604 si
990 2563 1120 2618 plures
1162 2561 1297 2602 eodem
1318 2566 1511 2614 xtempore
1548 2559 1703 2610 absunt,

274 2639 383 2680 uelut
412 2650 549 2692 sparsa
576 2635 748 2691 pluribus
781 2632 878 2674 locis
907 2630 1080 2672 membra
1110 2626 1381 2669 familiaritatis
1410 2632 1568 2666 nostrae
1599 2624 1709 2665 eolli-

274 2719 435 2760 gamus:
476 2717 578 2744 nunc
603 2702 691 2755 hic,
722 2714 823 2742 nunc
844 2698 909 2739 ille
940 2698 981 2738 in
1010 2710 1080 2737 ore
1110 2694 1315 2748 animoque
1344 2693 1421 2744 sit,
1452 2691 1518 2733 ubi
1536 2722 1546 2732 .
1564 2690 1706 2732 .e.ius

277 2802 287 2813 .
303 2802 315 2814 .
332 2771 390 2813 si.
411 2802 420 2813 .
437 2771 502 2812 hui
517 2801 526 2813 .
542 2782 679 2825 nempe
705 2782 799 2810 nes:
833 2765 939 2808 nulla
959 2771 1109 2809 tantum
1139 2761 1262 2818 possit
1285 2766 1461 2802 uetustas
1489 2765 1532 2800 ut
1560 2771 1706 2799 memo—

1020 2939 1098 3018 χ(
