1812 3184
504 176 687 217 NATUR.
719 176 928 227 QUAEST.
962 176 1054 217 Lm.
1079 177 1131 224 V,
1171 182 1231 217 16.

1502 177 1587 221 693

136 289 268 347 agitur
286 289 492 343 'renerum
514 290 633 333 uenti
657 297 826 346 quatuor
851 297 959 342 sunt,
990 290 1032 332 iu
1058 297 1202 341 ortum,
1235 303 1436 342 occasum,
1469 291 1587 333 meri-

136 358 246 401 die--
258 358 659 415 septemtrionemque
678 359 810 401 diuisi.
854 356 991 403 Ceteri
1012 372 1112 414 quos
1131 357 1252 400 uariis
1273 357 1496 401 nominibus
1519 359 1587 401 ad-

136 427 327 484 pellamus
357 427 417 468 his
445 427 703 484 adplicantur.

133 506 138 514 ⁴
193 494 342 538 Euius
369 495 432 538 ad
458 496 684 538 Auroram
714 495 1034 552 Nabataeaque
1061 507 1200 550 reyua
1227 495 1408 537 recessit

198 563 473 620 Persidaque
501 568 543 606 ct
570 564 715 607 radiis
741 565 845 620 ἔνθα
871 563 1047 606 subdita.
1075 563 1307 605 matutinis.

201 631 378 688 Uespoe*
399 636 443 674 et
469 632 651 675 occiduo
680 645 793 687 quae
819 633 957 674 litora
983 631 1077 674 sole
1105 635 1328 686 tepescunt

197 699 415 743 Proxima
442 704 541 742 sum
572 699 798 755 Zephyris.
857 699 1078 755 Scythiam
1108 698 1367 755 Septemque
1394 701 1560 743 triones

141 791 144 794 ⁴
194 763 414 823 Harris'er
440 768 601 809 inuasit
630 766 827 809 Boreas.-
857 769 1088 809 coutrai·ia
1115 768 1245 808 tellus
1311 799 1314 802 .

142 872 147 875 .
195 833 391 877 Nubibus
418 834 617 877 adsiduis
638 835 878 890 pluuioque
905 835 1114 877 madescit
1143 834 1198 876 ab
1227 835 1405 878 Austro.

138 900 214 945 Uel
231 901 266 944 si
288 901 447 944 breuius
470 902 558 944 illos
582 902 773 959 conplecti
796 902 945 954 mauis,
978 902 1019 944 in
1041 916 1158 944 unam
1187 909 1461 959 tempestatem
1487 905 1587 960 quod
1606 920 1623 947 ἰ

137 970 246 1012 nullo
277 971 394 1013 modo
423 969 511 1012 lieri
539 977 671 1026 potest
699 977 1006 1026 congregentur.

198 1037 302 1080 Una
330 1038 559 1098 Eurusque
588 1038 813 1094 Notusque
839 1044 972 1080 ruimt
1000 1038 1239 1094 creberque
1262 1041 1477 1094 procellis

194 1105 380 1163 Africus

139 1180 180 1216 et
201 1174 266 1230 qui
290 1173 453 1217 locum
440 1188 483 1216 m
504 1174 571 1216 illa
593 1188 722 1231 pugna
746 1188 827 1216 non
849 1174 983 1216 habuit
994 1172 1157 1230 Aquilo.
1197 1173 1367 1230 Quidam
1386 1175 1475 1218 illos
1495 1177 1591 1219 duo·

137 1242 264 1284 decim
294 1241 456 1283 faciunt.

518 1240 699 1296 Quatuor
721 1242 826 1284 enim
850 1242 951 1284 coeli
972 1250 1105 1298 partes
1126 1243 1167 1284 in
1193 1250 1326 1286 ternas
1350 1244 1528 1286 diuidunt
1551 1253 1592 1288 et

138 1308 304 1365 singulis
328 1309 460 1351 uentis
483 1309 608 1351 binos‘
624 1310 919 1367 subpraefectos
945 1310 1052 1352 dant.

139 1377 306 1433 diligens
320 1408 332 1429 ‚
363 1376 453 1418 inos
475 1377 657 1431 ordinat,
690 1391 765 1419 nec
785 1378 872 1419 sine
894 1392 1032 1420 causa.

1114 1310 1202 1353 Hac
1223 1319 1307 1354 arte
1330 1311 1460 1355 Uarro
1474 1344 1486 1365 ,
1528 1313 1591 1355 uir
1606 1331 1624 1358 3

1054 1375 1056 1377 ’
1091 1377 1187 1420 Νοη
1210 1380 1314 1421 enim
1342 1381 1480 1422 eodem
1501 1382 1590 1423 loco

139 1458 297 1502 semper
318 1445 381 1486 sol
403 1445 531 1486 oritur
550 1452 619 1487 aut
638 1445 804 1487 occidit:
836 1446 907 1487 sed
926 1446 1025 1488 alius
1045 1453 1106 1488 est
1126 1454 1236 1488 ortus
1259 1462 1503 1504 occasusque
1523 1463 1591 1491 ae-

140 1511 388 1568 quinoctialis
409 1512 487 1568 (bis
507 1520 639 1555 autem
661 1513 949 1569 aequinoctium
974 1514 1070 1569 est),
1100 1514 1200 1557 alius
1226 1515 1459 1569 solstitialis,
1491 1517 1591 1559 alius

140 1579 344 1622 hibernus.

406 1577 484 1633 Qui
506 1581 634 1636 surgit
663 1581 712 1622 ab
743 1581 895 1623 oriente
924 1582 1199 1637 aequinoctiali
1220 1581 1467 1627 subsolanus
1490 1586 1592 1642 apud

140 1661 214 1689 nos
235 1647 392 1699 dicitur,
425 1646 570 1689 Graeci
593 1649 700 1689 illum
716 1644 966 1702 Ἀφηλιώτην
988 1657 1146 1691 uocant.
1193 1650 1260 1692 Ab
1282 1651 1435 1693 oriente
1462 1653 1592 1694 hiber-

397 1737 477 1782 Cap.
503 1739 568 1771 XV
575 1740 599 1771 I.

189 1783 221 1816 G
232 1801 278 1809 —
288 1785 337 1816 his
358 1789 437 1816 ante
455 1785 668 1825 adplicantur.

146 1871 170 1906 6
188 1830 293 1862 Eurus
320 1831 366 1862 ad
389 1831 558 1862 Auroram.
605 1829 703 1863 Ovid.
733 1830 783 1862 M.
817 1831 844 1871 Ι,

174 1873 202 1906 l.
227 1885 242 1905 s
292 1897 301 1907 .

189 1884 302 1952 Nablalt
311 1929 430 1960 aeaque
458 1931 547 1952 nunc
578 1920 668 1964 apud
690 1920 846 1953 Ovidium

145 1974 278 2008 quoque
310 1964 471 1997 scribunt.
523 1966 609 1998 BEG
621 1968 655 2001 §8
679 1988 691 2000 ι
704 1988 717 2002 .
730 1989 742 2003 .
753 1967 787 2002 ,ἱῖ
798 1981 845 1994 =

143 2011 236 2042 Naba
245 2013 257 2042 t
265 2011 287 2043 h
296 2019 425 2051 aeaque.
499 2011 522 2042 B
536 2026 583 2040 =
594 2013 729 2044 Persida
750 2022 769 2052 q
780 2023 802 2044 u
812 2023 846 2044 o-

143 2063 219 2095 que
241 2059 270 2087 et
291 2065 319 2087 r.
379 2066 399 2086 e
416 2070 462 2084 =
482 2058 609 2089 subdita
642 2060 845 2090 mat-anis.

148 2099 180 2131 G
192 2101 256 2140 (cr.
270 2101 329 2142 ω)
341 2115 387 2128 =
400 2103 514 2142 Vesper
535 2106 563 2134 et
586 2103 730 2134 accidia.

191 2146 334 2186 Zephyri
344 2155 360 2178 s
371 2161 418 2174 =
431 2147 537 2179 BEeG
547 2149 580 2183 §B
607 2146 768 2190 (scribunt
790 2153 845 2178 ta-

143 2200 223 2222 men
251 2191 442 2235 zephiris).
495 2192 584 2233 mssu
603 2206 650 2220 =
669 2193 847 2232 Zephuris.

146 2232 232 2270 81..
236 2235 308 2271 ...Β
329 2235 426 2268 Ovid.
435 2238 662 2278 =2ephyro.
688 2237 782 2280 G(cr.
791 2237 844 2279 ω)

147 2279 206 2312 Gr.
228 2281 319 2319 8==
333 2282 628 2324 Septentrionesque.
663 2281 759 2315 Ovid
780 2282 847 2327 (ed.

145 2324 238 2358 lehn.
242 2325 254 2364 Ἰ
268 2340 313 2355 =
326 2328 509 2368 septemque
528 2330 609 2361 trion
619 2338 685 2360 em.
731 2326 847 2360 P3.——
800 2343 847 2356 =

146 2371 320 2412 Hostiles·
340 2373 459 2404 invasit
481 2374 605 2405 Boreas.
652 2372 712 2404 BG
730 2372 789 2404 Gr.
812 2375 845 2408 23

146 2416 403 2455 2=pluviaque
426 2418 589 2451 madescit.
636 2418 663 2449 Ε
680 2429 732 2448 ω.

192 2458 225 2491 2.
260 2461 340 2492 B=
355 2461 406 2492 Vel
426 2462 460 2493 si,
476 2463 546 2493 illos
569 2463 587 2492 b
597 2463 664 2494 ino
674 2472 691 2494 s
712 2464 848 2503 comple·

148 2505 190 2537 eti
206 2513 239 2536 m
249 2514 271 2536 a
281 2506 292 2537 i
302 2515 324 2537 u
333 2515 360 2537 s.

192 2551 279 2590 quoa
299 2551 385 2583 nullo
405 2552 499 2583 modo
512 2552 581 2592 fieri
601 2555 754 2592 potese=
764 2553 826 2586 Ee.

148 2593 301 2631 BGtB..
386 2610 432 2624 =
453 2597 537 2637 quod
557 2598 625 2637 fieri
646 2599 733 2630 nullo
754 2599 848 2630 niodo

146 2643 255 2680 potest.
379 2640 452 2673 nius
483 2642 577 2684 (Exc.
601 2642 660 2674 111.
690 2642 734 2675 ad
753 2643 846 2686 Virg-

148 2687 188 2717 A.
202 2685 227 2717 l.
249 2696 285 2729 p.
299 2596 377 2719 lif}
398 2685 452 2718 ed.
476 2686 531 2729 ΙΙ)
552 2686 636 2719 haec
654 2687 757 2720 verba
778 2699 847 2721 non

149 2731 297 2763 Senecae
315 2741 386 2763 esse
408 2730 607 2765 arbitratur:
641 2732 807 2766 refutatur
827 2745 846 2766 a

149 2774 310 2808 Koelero.

198 2822 267 2854 Una
291 2823 462 2862 Eurusque.
508 2821 600 2866 Virg.
619 2824 659 2856 A.
679 2824 707 2865 1,
721 2820 778 2857 85.
820 2825 846 2856 B

891 1740 952 1772 EG
963 1741 997 1776 ἃς
1007 1755 1052 1768 =
1063 1742 1109 1772 No
1119 1744 1129 1772 t
1138 1742 1158 1773 h
1167 1751 1274 1782 usque.
1320 1741 1369 1774 sG
1380 1757 1426 1771 =
1436 1745 1551 1777 crebri
1561 1754 1591 1777 s-

891 1795 950 1827 que
969 1788 1125 1825 procellis.

935 1833 969 1863 in
992 1833 1050 1863 illa
1070 1841 1216 1872 puyna
1240 1842 1302 1864 non
1325 1834 1557 1867 habuit=Ee.

892 1877 925 1911 §23
949 1891 993 1904 =
1017 1879 1048 1909 in
1074 1878 1130 1908 illa
1162 1879 1248 1910 rite
1279 1887 1342 1911 non
1364 1880 1484 1912 habuit.
1534 1881 1592 1912 BG

893 1920 955 1957 al.
967 1945 978 1957 .
990 1945 1001 1956 .
1014 1947 1020 1952 .
1035 1922 1124 1956 st=
1136 1924 1169 1955 in
1191 1924 1248 1955 illa
1269 1925 1370 1955 rixa
1393 1935 1454 1958 non
1472 1927 1591 1958 habuit.

936 1970 964 1999 et
986 1969 1118 2008 sin9ulis
1140 1970 1240 2000 ventis
1262 1970 1349 2002 binos
1377 1973 1453 2002 sub
1460 1980 1591 2011 prae-

891 2013 929 2053 [ε
941 2016 1031 2044 ctos
1054 2014 1131 2045 dant
1143 2028 1188 2041 =
1201 2013 1259 2044 EG
1276 2015 1380 2058 Bong.
1391 2026 1431 2047 ex
1447 2015 1516 2049 Cui.
1531 2014 1591 2049 P3.

892 2058 1028 2090 Memm.
1053 2059 1099 2093 23.
1181 2070 1199 2090 e
1220 2074 1264 2086 =
1287 2062 1315 2091 et
1339 2062 1473 2100 sinytelis
1493 2063 1594 2094 ventis

892 2105 979 2135 binos
1013 2105 1254 2144 subpert'ectos
1291 2103 1350 2148 [at
1382 2104 1457 2137 cod.
1491 2105 1593 2138 habet

891 2147 1080 2192 subfisectos]
1106 2150 1194 2180 dant.
1239 2149 1333 2181 Fort.
1347 2163 1394 2178 ===
1411 2154 1438 2182 et
1460 2151 1594 2193 singulis

890 2195 990 2225 ventis
1021 2194 1109 2226 binos
1143 2195 1214 2226 sub
1246 2197 1377 2236 praes
1383 2199 1471 2228 ecto
1505 2199 1593 2230 dant.

894 2237 965 2270 Col.
980 2253 1025 2266 =
1037 2242 1064 2270 et
1087 2241 1220 2280 sinyulis
1230 2242 1330 2272 ventis
1353 2243 1440 2273 binos
1460 2244 1568 2275 subre
1580 2260 1593 2266 -

891 2284 984 2324 sectos
1007 2285 1095 2316 dant.
1136 2282 1274 2316 BP4.=
1287 2289 1315 2317 et
1337 2287 1471 2327 sinyulis
1492 2290 1592 2319 ventis

892 2330 980 2361 binos
1001 2331 1288 2369 supradictos
1310 2332 1399 2362 dant.
1432 2331 1518 2366 (ΣῚΗ
1523 2332 1593 2367 ..R

891 2377 976 2406 =et
999 2375 1132 2414 sinyulis
1149 2376 1247 2406 ventis
1268 2376 1355 2407 binos
1378 2377 1593 2416 suffectos

892 2419 970 2451 dant
994 2418 1373 2462 (mss1.=subditos
1394 2421 1499 2463 dant).

937 2461 970 2495 3.
997 2464 1076 2495 B=
1087 2465 1156 2496 Hac
1176 2468 1244 2496 arte
1270 2466 1340 2496 illos
1353 2467 1452 2498 Varro
1472 2469 1524 2499 vir
1542 2469 1592 2500 di-

891 2509 989 2549 li9ens
1012 2510 1148 2542 ordinat.
1195 2510 1308 2541 Ee—
1262 2524 1309 2538 =
1328 2511 1425 2543 Varo
1447 2513 1497 2544 vir
1519 2513 1593 2545 dili-

889 2563 974 2594 gens·

937 2601 1044 2632 eodem
1066 2602 1132 2632 loco
1158 2610 1279 2641 semper
1300 2603 1346 2633 sol
1368 2616 1414 2629 =
1436 2602 1495 2634 Ee.
1566 2605 1591 2636 B

891 2658 937 2671 =
952 2646 1060 2677 eodem
1082 2647 1148 2677 loco
1170 2648 1217 2678 sol
1238 2656 1369 2687 semper.
1417 2647 1447 2679 G
1461 2649 1592 2685 2251*

891 2691 1057 2722 =eodem
1078 2700 1199 2731 semper
1221 2692 1289 2724 loco
1310 2693 1366 2724 sol.
1392 2693 1473 2724 B=
1485 2696 1593 2727 aliud

893 2736 1003 2767 enim
1036 2737 1208 2768 solstitialis
1234 2736 1330 2778 [Bn't.
1352 2736 1414 2782 =]
1439 2740 1523 2772 alius
1544 2741 1592 2773 hi-

893 2781 1084 2813 bernaus.
1131 2782 1155 2813 B
1179 2795 1225 2809 =
1243 2784 1297 2823 qui
1318 2786 1418 2825 sur-9⁸1
1448 2786 1488 2817 ab
1522 2795 1594 2818 oc-

891 2826 1062 2859 cidente
1092 2827 1323 2867 aequinoctiali.
1370 2830 1394 2861 Β
1415 2844 1461 2858 =
1482 2832 1594 2863 Graeci
