1812 3184
232 189 286 232 94
789 191 857 230 ΑΙ)
888 191 1119 232 MARCIAM

232 301 355 353 hose,
394 300 602 341 crudeliter
627 300 829 342 abutetur:
868 301 965 363 alios
988 302 1140 357 ignibus
1164 312 1320 359 peruret
1350 305 1412 347 uel
1437 306 1477 348 in
1500 304 1666 362 poena'm'

231 367 396 409 admotis
423 367 484 409 uel
509 367 548 408 in
572 367 800 408 remedium.
863 369 963 410 alios
988 369 1157 411 uinciet:
1200 370 1236 411 id
1263 384 1364 428 nunc
1390 372 1491 415 hosti
1514 372 1664 425 licebit,

230 448 333 475 nunc
352 434 444 475 ciui.
488 434 587 475 alios
606 447 677 490 per
696 434 845 476 incerta
869 436 994 477 nudos
1017 436 1138 477 maria
1159 437 1316 478 iactabit
1333 444 1374 479 et
1391 438 1556 490 luctatos
1576 452 1663 482 cum

229 501 407 542 fluctibus
431 515 480 543 ne
503 501 543 542 in
565 515 721 542 arenam
742 502 894 557 quidem
920 510 987 544 aut
1006 502 1096 544 litus
1119 504 1318 559 explodet,
1351 505 1419 547 sed
1438 505 1479 547 in
1501 504 1665 548 alieuius

226 568 427 610 inmensae
447 574 624 610 uentrem
651 568 788 610 beluae
819 570 1024 611 decondet.
1085 570 1182 612 alios
1207 571 1430 613 morborum
1451 571 1571 614 uariis
1594 585 1664 628 go-

229 635 386 676 neribus
408 636 737 677 emaceratosdiu
759 636 864 677 inter
884 636 1003 678 uitam
1028 628 1272 692 mortemque
1288 638 1436 681 medios
1458 638 1665 681 detinebitae·

195 709 206 723 ‘
228 700 280 744 Ut
302 702 410 743 uaria
432 709 471 743 et
489 702 691 744 libidinosa
713 703 1068 761 mancipiorumque
1091 718 1248 746 suorum
1273 705 1486 761 neglegens
1506 705 1662 748 domina

227 775 268 812 et
292 769 429 824 poenis
458 776 497 810 et
521 769 746 811 muneribus
776 770 934 811 errabit.

721 835 927 891 Urgebunt
944 851 1044 879 noua
1062 838 1333 891 incommoda,·
1352 839 1575 895 priusquam
1591 853 1660 882 ue·-

226 842 308 877 tota
326 836 464 877 flebilis
487 835 566 877 uita
586 843 660 877 est.

996 769 1100 824 Quid
1127 785 1223 826 opus
1252 779 1314 813 est
1337 778 1465 828 partes
1489 772 1660 824 deflere?

227 903 375 970 teribus
398 903 655 945 satisfeceris.
714 902 999 946 Moderandum
1018 911 1079 946 est
1096 904 1226 960 itaque
1244 905 1357 947 uobis
1375 906 1544 948 maxime
1561 918 1660 962 quae

270 1015 302 1048 V
317 1018 352 1054 -t-
372 1019 408 1048 et
441 1017 613 1048 crudeliter.
660 1016 922 1050 G=crudeliter

227 1062 445 1093 arbitretur.
490 1058 550 1092 P4.
568 1075 614 1088 =
633 1063 757 1102 iynibus
776 1064 893 1102 peric
907 1080 919 1085 -

224 1106 293 1136 rit.

269 1150 405 1181 admotis
423 1150 471 1181 vel
485 1151 519 1181 in
538 1151 717 1182 remedium.
752 1152 831 1183 alios
848 1153 918 1184 vin-

224 1194 301 1226 ciet:
335 1195 370 1225 id
390 1203 471 1226 nunc
493 1195 572 1226 hosti
594 1196 712 1235 licebit,
736 1205 818 1227 nunc
847 1197 917 1228 civi.

225 1239 304 1270 alios
322 1248 380 1279 per
401 1240 519 1270 incerta
541 1240 642 1271 nudos
663 1242 769 1271 maria
790 1242 919 1273 iactabit

222 1297 267 1310 =
278 1285 308 1315 A
322 1282 392 1314 Col.
412 1283 509 1314 Brux.
530 1283 600 1317 (Sto
616 1306 625 1318 .
641 1307 651 1318 .
665 1306 676 1318 .
689 1286 742 1319 ’ἓζο
755 1286 856 1324 (A=
867 1287 917 1316 ia-

221 1329 363 1369 ctavit).
408 1327 470 1358 BG
487 1342 534 1355 =
554 1329 689 1360 admotis
719 1330 767 1360 vel
798 1331 915 1361 incerta

222 1373 324 1404 nudos
353 1374 459 1404 maria
483 1374 611 1404 iactabit
631 1372 703 1404 rell.
735 1383 801 1405 om.
847 1374 915 1405 mG

220 1418 328 1449 =vel
350 1418 383 1448 in
404 1418 574 1449 remedium
598 1419 771 1450 alicuius
792 1420 915 1451 vincit

220 1462 256 1493 id
278 1464 322 1493 ut
344 1462 422 1494 hosti
445 1463 543 1493 licebit
566 1471 641 1494 non
664 1463 732 1494 cui
755 1465 835 1501 alios
857 1474 914 1504 per

219 1507 352 1538 incerta.
393 1506 480 1538 V=
501 1507 659 1539 admotos
681 1508 729 1538 vel
755 1509 789 1539 in
815 1518 913 1540 reme—

221 1551 310 1582 dium
332 1552 500 1582 alicuius
529 1552 651 1582 vincit.
697 1552 734 1583 Id
755 1563 836 1585 nunc
859 1554 914 1585 Ιιο-

221 1597 261 1627 sti
283 1597 383 1627 licebit
403 1605 486 1627 nunc
509 1597 590 1635 civi,
619 1597 698 1627 alios
717 1606 774 1636 per
797 1599 913 1629 incerta

219 1641 321 1672 nudos
342 1642 448 1672 naaria
465 1642 602 1672 iactabit.
659 1640 688 1671 D
711 1654 757 1668 =
779 1643 914 1674 admotis

222 1684 263 1727 [s.
275 1695 320 1715 m.
343 1686 512 1716 admotos.
558 1695 592 1715 m
611 1686 659 1716 vel
679 1687 712 1716 in
730 1688 910 1718 remedium.

220 1730 305 1761 Alios
321 1731 442 1761 vinciet.
464 1730 499 1760 id
511 1739 593 1760 nunc
608 1730 686 1761 hosti
699 1731 806 1762 licebit.
830 1740 912 1763 nunc

219 1775 290 1806 civi.
336 1775 420 1805 Alios
439 1772 511 1816 per]
542 1775 588 1804 vel
613 1773 692 1816 [hoc
714 1774 763 1817 n.]
793 1777 912 1807 incerta

217 1819 319 1851 nudos
341 1820 447 1849 maria
470 1820 605 1850 iactabit.
650 1829 672 1860 g
687 1833 731 1845 =
752 1821 910 1851 admotos

217 1865 265 1895 vel
287 1865 321 1895 in
335 1863 516 1894 remedium.
541 1864 620 1893 alios
639 1872 697 1902 per
718 1865 835 1895 incerta
852 1874 911 1895 nu-

218 1908 276 1939 dos
297 1908 402 1938 maria
420 1908 549 1938 iactabit
570 1905 642 1937 rell.
655 1917 720 1938 om.
767 1908 857 1938 Erm.
871 1907 909 1939 ci.

218 1952 665 1982 =admotisvelincertis
687 1950 756 1983 sive
779 1953 910 1984 inser-

219 1998 285 2035 tis,
306 1996 386 2026 alios
400 1996 501 2026 nudos
518 1997 615 2026 mari
636 1997 775 2028 iactabit.
803 1995 908 2028 Codd.

218 2038 460 2071 emendatiores
483 2038 573 2070 Fine.
587 2054 633 2068 =
650 2042 785 2072 admotis
807 2043 854 2073 vel
876 2043 910 2074 in

216 2086 398 2123 remedium,
422 2085 500 2115 alios
519 2085 641 2116 vinciet.
674 2087 711 2117 Id
733 2096 815 2117 nunc
834 2087 909 2118 isti

215 2130 315 2161 licebit
346 2138 428 2160 nunc
462 2130 551 2159 tibi.
597 2130 682 2161 Alios
713 2139 769 2168 per
792 2132 910 2162 incerta

215 2174 316 2205 nudos
337 2174 443 2204 maria
465 2174 602 2205 iactabit.
651 2172 707 2205 1³2.
730 2188 776 2201 =
797 2176 908 2206 admo-

216 2222 291 2258 tos,
313 2219 362 2250 vel
383 2219 424 2250 in
445 2219 562 2249 incerta
585 2227 659 2249 nos
681 2221 785 2251 maria
807 2221 907 2250 iacta-

217 2264 269 2294 bit.
314 2261 372 2294 P4.
386 2263 417 2296 z
428 2285 438 2297 ,
451 2285 460 2296 .
473 2283 483 2295 .
497 2260 559 2296 (ΕΙ.
571 2277 617 2289 =
627 2264 772 2303 admotis,
793 2265 841 2294 vel
858 2265 905 2295 in-

214 2310 298 2339 certa
319 2307 421 2339 nudos
441 2307 546 2338 maria
567 2308 694 2338 iactabit
711 2306 906 2348 (OEl.=ia-

214 2353 313 2383 ctaba
324 2353 364 2392 t).
412 2351 507 2383 Grut.
532 2350 571 2382 ci.
586 2366 631 2379 =
647 2353 783 2384 admotis
794 2376 804 2392 ,
825 2354 905 2384 alios

213 2398 254 2428 in
275 2398 394 2428 incerta
416 2397 517 2427 nudos
540 2398 644 2428 maria
676 2397 804 2428 iactabit
830 2396 901 2428 rell.

215 2451 280 2472 um.
316 2439 601 2473 P3.=admotos
622 2443 670 2473 vel
692 2443 725 2474 in
746 2443 809 2473 rei
831 2451 904 2473 me-

213 2486 256 2516 di
266 2495 339 2525 um,
360 2495 417 2525 per
439 2487 556 2517 incerta
571 2487 671 2517 nudos
684 2488 788 2518 maria
803 2487 904 2518 iacta-

213 2531 266 2561 bit.
314 2529 376 2564 (ἐξ).
389 2551 400 2562 .
415 2553 424 2564 .
440 2553 450 2564 .
463 2530 495 2564 (5
515 2544 560 2557 =
581 2531 715 2562 admotis
736 2532 783 2562 vel
805 2532 904 2562 incer-

212 2576 290 2614 tis,
325 2576 404 2606 alios
425 2575 525 2606 nudos
548 2577 649 2606 mari
674 2576 811 2607 iactabit.
851 2575 902 2618 me

214 2639 224 2651 l
239 2641 249 2651 .
262 2641 271 2652 .
284 2619 341 2652 ἓ-Ί.
364 2634 410 2646 =
432 2620 566 2651 admotis
586 2621 635 2651 vel
657 2621 688 2651 in
711 2620 901 2651 remedium:

211 2664 291 2694 alios
312 2665 413 2694 nudos
434 2665 532 2696 mari
560 2665 698 2696 iactabit.
737 2663 835 2706 ΔΙιίρε.
861 2662 899 2694 ei.

211 2707 314 2737 :vel
335 2708 376 2738 in
400 2711 620 2740 certamen.
645 2707 898 2750 Triller.(0bss.

213 2763 243 2793 p.
259 2747 354 2791 456.)
379 2750 475 2782 ci.=
498 2754 562 2783 vel
584 2755 626 2785 in
648 2755 764 2786 incerta
786 2755 901 2785 sala-

211 2797 277 2826 !is.
302 2795 504 2836 m3u=vel
522 2797 690 2829 insutos
713 2799 831 2830 culeo
851 2798 900 2830 vel

964 1018 1065 1049 nudos
1086 1018 1187 1049 mari
1209 1019 1347 1049 iactabit.
1405 1018 1436 1050 G
1452 1021 1487 1056 -1-
1503 1021 1544 1050 et
1564 1028 1602 1052 ne
1623 1021 1658 1052 in

965 1070 1106 1093 arenam.
1140 1071 1248 1104 g=n
1261 1071 1302 1094 ec
1323 1064 1357 1095 in
1379 1071 1518 1095 arenam.
1550 1062 1658 1108 Vg=

964 1109 1001 1137 et
1023 1107 1107 1137 litus.
1156 1106 1266 1138 Germ.
1288 1120 1334 1135 =
1353 1110 1408 1139 aut
1430 1108 1504 1139 litus
1526 1108 1656 1149 expel-

963 1150 1031 1181 let.
1591 1153 1598 1159 ‘

1030 1195 1063 1226 in
1096 1195 1230 1227 alicuius
1244 1197 1417 1235 ,inmensae
1448 1198 1583 1230 ventrem
1594 1215 1595 1218 =
1605 1198 1655 1230 be-

962 1239 1033 1270 luae
1057 1240 1207 1271 decondet
1222 1254 1268 1267 =
1287 1241 1348 1272 VA
1368 1242 1415 1281 (A
1432 1251 1513 1284 p.m.
1536 1255 1582 1270 =
1604 1242 1654 1275 be-

961 1285 1061 1323 lua).
1131 1281 1235 1316 P3.4.
1264 1284 1334 1316 Col.
1357 1296 1379 1327 g
1398 1298 1445 1313 =
1465 1287 1498 1318 in
1520 1287 1654 1319 alicuius

959 1329 1128 1360 immensae
1148 1330 1255 1361 beluae
1272 1333 1408 1362 ventrem
1425 1331 1581 1363 decondet.
1626 1331 1652 1362 B

959 1371 989 1402 D
1015 1372 1118 1414 Bong.
1146 1374 1216 1407 (Sjrc
1238 1397 1247 1407 .
1261 1397 1271 1408 .
1286 1397 1296 1408 .
1317 1376 1370 1408 230
1389 1389 1435 1402 =
1455 1376 1487 1407 in
1517 1376 1652 1408 alicuius

958 1419 1090 1448 ventrem
1113 1419 1280 1450 immensae
1303 1420 1409 1450 belnae
1431 1420 1586 1451 decondet.
1620 1420 1651 1451 G

959 1460 1049 1492 Pinc.
1074 1473 1104 1493 v.
1126 1461 1147 1493 Ι.
1166 1477 1209 1489 =
1222 1465 1255 1494 in
1279 1464 1412 1495 alicuius
1431 1466 1569 1496 ventrem
1590 1465 1652 1496 im-

957 1514 1081 1537 mensae
1110 1508 1216 1539 beluae
1247 1508 1418 1539 recondet.
1464 1506 1522 1542 1²2.
1544 1509 1598 1543 z.
1613 1531 1649 1544 ,ι

959 1549 1016 1583 224.
1037 1564 1083 1578 =
1104 1553 1137 1583 in
1169 1553 1303 1584 alicuius
1324 1555 1461 1585 ventrem
1483 1554 1651 1586 immensae

958 1596 1064 1626 beluae
1088 1597 1295 1628 detrudet.

1002 1641 1082 1671 inter
1096 1642 1195 1671 vitam
1209 1644 1396 1681 mortemque
1418 1646 1450 1673 m
1459 1650 1474 1673 e
1483 1642 1505 1674 d
1516 1642 1528 1674 i
1536 1651 1554 1674 o
1564 1651 1580 1674 s
1594 1642 1648 1675 de-

956 1685 1061 1715 tinebit
1072 1698 1117 1712 =
1128 1684 1276 1727 VAng
1297 1686 1400 1727 Bong.
1417 1685 1486 1717 Col.
1499 1684 1557 1718 1³3:
1581 1685 1647 1718 Iar.

958 1728 1028 1761 (31¹0
1051 1750 1087 1764 ιο
1102 1752 1112 1764 ο
1135 1730 1201 1765 ἓζοψ
1273 1728 1304 1761 G*
1326 1744 1372 1757 =
1392 1730 1472 1762 inter
1491 1732 1591 1763 vitam
1613 1733 1650 1763 et

955 1776 1083 1805 mortem
1119 1774 1147 1815 [s
1169 1775 1241 1816 que]
1271 1778 1403 1806 metus
1423 1775 1576 1807 detinebit.
1623 1775 1648 1807 B

957 1815 1014 1848 1’2.
1026 1815 1059 1848 4.
1081 1820 1112 1852 3
1122 1841 1133 1852 .
1145 1840 1156 1852 0
1170 1840 1180 1852 .
1193 1819 1250 1852 224.
1262 1837 1306 1842 —
1316 1820 1444 1850 medios.
1643 1844 1647 1845 γ

1001 1860 1033 1892 5.
1057 1863 1110 1904 Vg
1122 1861 1236 1893 P2.-=
1247 1872 1350 1894 vana
1372 1866 1399 1894 et
1416 1865 1593 1896 libidinosa.
1619 1864 1647 1896 D

956 1906 1068 1947 (mco)
1081 1921 1125 1933 =
1137 1908 1366 1946 mancipiorum
1388 1917 1452 1939 om.
1467 1917 1534 1948 que.
1560 1907 1591 1940 G
1602 1926 1646 1932 —

956 1953 982 1980 et
1005 1956 1081 1982 ante
1104 1953 1291 1983 muneribus.
1337 1952 1413 1983 Lat.
1442 1951 1552 1984 Latin.
1587 1953 1642 1994 (B.

954 1994 1006 2026 Pr.
1030 2006 1064 2038 p.
1087 1992 1161 2037 47.)
1178 2010 1223 2023 =
1237 1999 1264 2027 et
1283 1996 1462 2028 muneribus
1484 2005 1645 2030 enarra·

954 2040 1006 2071 bit.
1052 2041 1283 2073 A=erravit.

999 2085 1108 2125 flebilis
1128 2087 1193 2117 vita
1204 2101 1248 2112 =
1262 2084 1418 2127 GVADg.
1487 2085 1513 2116 B
1524 2098 1570 2114 =
1581 2086 1603 2118 d
1614 2095 1645 2118 e-

953 2129 1062 2169 rlebilis
1080 2131 1156 2161 vita.
1205 2132 1235 2164 z
1248 2155 1256 2164 .
1271 2153 1280 2164 .
1293 2153 1302 2163 .
1315 2131 1370 2169 §Bo
1380 2145 1425 2158 ==
1438 2131 1503 2162 vita
1523 2132 1648 2172 flebilis:

955 2173 985 2203 G
997 2188 1042 2200 =
1052 2175 1258 2214 satisfecerit.

989 2219 1162 2250 Moderand
1170 2229 1191 2249 u
1199 2228 1231 2250 m
1249 2222 1291 2250 est
1300 2220 1402 2258 itaque
1411 2219 1497 2251 vobis
1507 2219 1643 2252 maxime

951 2271 1031 2301 quae
1053 2264 1242 2294 inmoderate
1263 2265 1348 2303 fertis
1366 2278 1412 2291 =
1438 2263 1522 2295 ssAD
1537 2264 1640 2306 Bong.
1657 2298 1659 2302 f

952 2306 991 2337 ci.
1005 2306 1096 2348 Lips.
1119 2308 1189 2341 &ro
1202 2330 1213 2341 0
1228 2330 1237 2341 0
1250 2329 1260 2340 0
1275 2309 1342 2342 230.
1409 2307 1500 2341 Pinc.
1517 2319 1548 2340 v.
1563 2307 1585 2340 l.
1596 2323 1642 2336 =

955 2363 988 2381 ω
1007 2375 1017 2391 ,
1053 2353 1140 2383 vobis
1170 2353 1308 2383 maxime
1340 2354 1410 2391 qui
1441 2353 1642 2386 immoderate

948 2397 1044 2436 fertis.
1091 2396 1122 2427 G
1140 2409 1185 2423 ==
1206 2397 1432 2428 Moderandum
1465 2399 1509 2427 est
1537 2397 1642 2436 itaque

949 2442 1055 2472 nobis
1077 2443 1215 2472 maxime
1240 2441 1287 2482 [m
1318 2449 1398 2480 quae
1423 2441 1638 2483 immoderate]

948 2486 1043 2524 fertis.
1091 2484 1160 2516 Col.
1175 2499 1221 2512 =
1237 2497 1271 2515 ω
1289 2495 1310 2516 n
1321 2495 1338 2516 ο
1349 2486 1396 2516 bis
1411 2497 1460 2516 ω.
1484 2495 1560 2527 g=
1572 2486 1639 2517 Mo-

948 2530 1108 2561 deranda
1139 2533 1234 2562 sunt
1260 2532 1364 2569 itaque
1394 2531 1533 2561 mxime
1554 2530 1641 2561 vobis

948 2583 1027 2613 quae
1043 2575 1247 2606 immoderate
1267 2574 1362 2614 sertis.
1407 2572 1465 2605 1³3.
1478 2574 1640 2606 =Mode-

947 2619 1070 2650 randa
1101 2621 1144 2650 est
1175 2620 1280 2658 itaque
1301 2619 1387 2650 vobis
1411 2630 1460 2648 ω.
1507 2615 1575 2650 1²4.
1594 2632 1640 2646 =

946 2664 1175 2695 Moderandus
1208 2666 1252 2695 est
1271 2664 1376 2702 itaque
1408 2663 1514 2694 nobis
1534 2664 1639 2695 maa-i-

945 2716 994 2739 me
1027 2709 1147 2739 dolor
1180 2716 1295 2747 quem
1317 2706 1517 2739 immoderate
1539 2707 1635 2747 sedis.

945 2752 1033 2783 V=
1048 2753 1282 2784 Moderandus
1303 2754 1347 2783 est
1366 2751 1470 2791 itaque
1490 2753 1578 2783 vobis
1599 2758 1636 2784 α-

943 2798 1085 2829 nimus
1108 2797 1245 2828 adhuc
1264 2796 1402 2828 maxime
1424 2803 1505 2835 qaae
1525 2797 1635 2828 immo-
