1812 3184
514 153 700 194 NA'run.
732 154 941 204 QUAEST.
971 155 1065 197 [ΑΒ.
1087 133 1178 206 vn,
1209 162 1277 198 25.
1535 158 1618 202 709

165 275 330 322 nmque.
348 265 475 308 nostri
502 279 580 307 non
611 265 737 322 magis
767 267 836 309 tibi
866 268 1068 324 quisquam
1098 269 1285 326 expediet
1311 283 1425 325 quam
1455 270 1519 312 ubi
1543 271 1610 313 sit.

163 330 285 376 Alius
298 332 408 376 illum
429 332 533 375 dicet
550 333 730 389 spiritum
747 347 855 388 esse,
887 335 987 378 alius
1003 343 1237 378 concentum
1257 337 1479 393 quemdam,
1511 338 1613 381 alius
1634 352 1635 355 ¹

162 399 244 444 niu
261 400 433 443 diuinam
456 407 497 443 et
518 401 581 442 dei
605 408 753 457 partem
767 434 780 454 ‚
819 402 919 446 alius
941 403 1221 446 tenuissimum
1234 403 1390 456 ¹aerem,
1430 405 1531 447 alius
1552 404 1613 447 i'n-

155 467 407 525 corporalem
443 468 674 526 potentiam.
734 468 831 512 Non
864 470 990 513 deerit
1021 471 1088 527 qui
1116 471 1346 527 sanguinem
1377 472 1504 525 dicat,
1547 473 1613 529 qui

162 535 352 580 calorem.
411 535 529 579 Adeo
552 536 685 579 animo
714 551 794 579 uon
826 545 954 593 potest
977 538 1128 594 liquere
1148 539 1195 581 de
1218 539 1361 581 ceteris
1382 539 1525 591 rebus,'
1568 547 1613 581 ut

161 602 287 647 adhuc
314 604 400 660 ipse
429 618 476 646 se
504 611 681 660 quaerat.
741 602 887 647 XXV.
921 603 1026 659 Quid
1061 619 1157 661 ergo
1193 606 1385 648 miramur
1418 613 1608 658 cometas,

159 677 239 713 tam
259 685 393 714 rarum
414 671 549 714 mundi
570 671 853 727 spectaculum,
886 673 1057 714 nondum
1077 673 1202 715 teneri
1221 674 1374 729 iegibus
1395 673 1516 715 certis
1536 686 1611 714 nec

156 738 272 781 initia
292 739 448 780 illorum
463 739 640 793 finesque
659 745 866 780 notescere
888 754 1054 794 quorum
1076 754 1129 781 ex
1147 740 1372 796 ingentibus
1391 740 1610 782 interuallis

156 817 344 854 recursus
363 807 453 848 est?
486 803 675 846 Nondum
693 811 786 845 sunt
797 806 888 846 anni
909 807 1015 848 mille
1039 807 1242 863 quingenti
1267 822 1321 850 ex
1342 822 1419 864 quo
1435 805 1609 849 Graecia

501 871 640 914 stellis
666 872 871 915 vmmeros
895 878 936 914 et
965 872 1142 916 nomina
1166 873 1276 930 fecit

156 938 380 995 multaeque
399 939 515 981 hodie
537 946 630 990 sunt
647 945 788 993 gentes
810 953 911 994 quae
932 947 1082 981 tantum
1102 941 1201 982 facie
1219 948 1417 983 nonerunt
1433 941 1602 993 coelum,
1622 956 1640 984 2

156 1020 258 1063 quae
278 1006 451 1049 nondum
473 1005 603 1048 sciunt
625 1019 698 1047 cur
718 1005 810 1048 luna
834 1007 1003 1059 deficiat,
1035 1020 1158 1062 quare
1182 1008 1451 1050 obumbretur.
1512 1009 1609 1050 haee

156 1075 257 1131 apud
280 1079 354 1116 nos
377 1087 532 1130 quoque
561 1086 688 1128 nuper
709 1073 813 1115 ratio
836 1074 886 1115 ad
907 1081 1056 1116 certum
1082 1074 1279 1131 perduxit.
1340 1074 1487 1117 Ueniet
1511 1082 1611 1117 tem-

156 1157 229 1199 pus
251 1157 328 1199 quo
342 1142 430 1184 ista
455 1155 554 1197 quae
575 1155 680 1182 nunc
704 1140 829 1182 latent
852 1141 894 1182 in
917 1142 1042 1183 lucem
1074 1141 1158 1184 dies
1188 1142 1373 1184 extrahat
1395 1149 1436 1184 ct
1456 1142 1610 1198 longio-

155 1210 214 1252 ris
245 1210 336 1258 aeui
369 1209 591 1265 diligentia..
647 1207 696 1250 ad
728 1207 1021 1263 inquisitionem
1054 1207 1252 1251 tantorum
1282 1217 1391 1252 aetas
1420 1223 1500 1251 una
1525 1208 1610 1251 'non

155 1277 322 1334 sufficit,
360 1283 406 1319 ut
434 1283 518 1319 tota
546 1276 658 1318 coelo
688 1282 819 1317 uacet.
881 1275 1011 1331 Quid,
1054 1277 1158 1332 quod
1186 1284 1266 1319 tam
1296 1275 1442 1333 paucos
1480 1290 1607 1318 annos
1623 1288 1632 1308 2

153 1346 259 1389 inter
295 1344 428 1403 studia
465 1358 525 1396 ac·
551 1343 647 1384 uitia
683 1357 762 1384 non
805 1356 931 1397 aequa
966 1344 1148 1399 portione
1188 1344 1423 1388 diuidimus?
1475 1344 1606 1398 itaque

154 1426 226 1470 per
247 1411 524 1455 successiones
546 1410 622 1451 ista
645 1409 785 1465 longas
808 1409 1125 1464 explicabuntur.
1184 1411 1335 1454 Ueniet
1352 1418 1505 1466 tempus
1529 1424 1605 1465 quo
1622 1423 1640 1450 ³

153 1479 300 1538 posteri
313 1478 448 1521 ”nostri
469 1484 547 1518 tam
572 1483 707 1533 aperta
729 1490 805 1517 nos
818 1477 995 1519 nescisse
1018 1477 1226 1520 mirentur.
1266 1477 1418 1519 Harum
1437 1477 1607 1532 quinque

153 1548 355 1590 stellarum
378 1559 479 1602 quae
498 1558 543 1587 se
562 1544 747 1600 ingerunt
769 1543 882 1585 nobis
895 1576 906 1596 ‚
939 1558 1039 1600 quae
1060 1546 1137 1587 alio
1158 1553 1276 1601 atque
1296 1545 1373 1587 alio
1395 1557 1607 1586 occurren-

154 1623 216 1658 tes
232 1615 321 1657 loco
341 1613 521 1656 curiosos
538 1626 613 1654 nos
635 1625 727 1654 esse
748 1619 895 1666 cogunt
920 1612 986 1667 qui
1011 1612 1191 1653 matutini
1220 1611 1514 1669 uespertinique
1541 1611 1604 1652 or-'

152 1689 217 1726 tus
234 1683 329 1735 sint,
360 1694 460 1737 quae
478 1680 686 1731 stationes,
720 1679 874 1734 quando
893 1679 934 1720 in
951 1685 1102 1720 rectum
1118 1680 1312 1731 ferantur,
1345 1692 1466 1734 quare
1485 1690 1606 1733 agan-

154 1758 219 1793 tur
246 1757 356 1793 retro
384 1749 500 1791 modo
529 1747 729 1803 coepimus
761 1746 880 1788 scire.
941 1745 1082 1790 Utrum
1106 1754 1351 1802 mergeretur
1376 1745 1527 1801 Iupiter
1553 1758 1606 1786 an

201 1831 285 1862 13=
297 1839 359 1863 non
379 1829 484 1870 mayis
503 1829 669 1868 quisquam
693 1827 758 1858 tibi.
950 1836 1031 1866 quae
1054 1828 1194 1859 nondum
1215 1828 1343 1859 sciunt
1361 1839 1407 1854 =
1424 1824 1527 1860 131393.

201 1876 281 1909 dicet
294 1876 442 1916 spiritum
455 1882 520 1906 esse
532 1887 576 1900 =
592 1872 646 1904 Ee.
717 1872 742 1902 B
755 1885 800 1899 =
810 1872 861 1903 di-
907 1871 1003 1906 Gffl.
1019 1893 1029 1906 ι
1042 1893 1053 1906 0
1066 1894 1076 1904 .
1091 1871 1124 1906 R
1139 1886 1184 1899 ==
1204 1880 1285 1912 quae
1306 1871 1447 1903 nondum
1468 1870 1543 1902 scia
1552 1870 1604 1902 nt.

155 1931 172 1954 c
183 1922 216 1953 it
237 1922 382 1962 spiritum
406 1928 481 1952 esse.
527 1918 593 1952 (323
606 1940 617 1952 0
630 1940 640 1952 .
655 1939 666 1952 .
678 1917 711 1951 st
721 1931 766 1943 =
781 1918 860 1948 dicet
905 1916 972 1948 mG
988 1915 1074 1949 Scal.
1086 1930 1132 1944 =
1144 1926 1241 1957 quare
1263 1918 1313 1948 obt
1323 1925 1367 1948 en
1376 1917 1513 1947 ebretur.

156 1964 220 1999 esse
242 1967 400 2006 spiritum.
450 1964 475 1995 B
499 1981 545 1987 —
563 1964 647 1994 alius
680 1965 858 1994 concentum
949 1963 1049 1994 haec
1072 1962 1161 2002 apud
1183 1970 1241 1994 nos
1262 1969 1381 2001 quoque
1395 1972 1441 1988 --·-
1455 1957 1554 1991 BEG.

158 2033 166 2041 .
182 2034 190 2042 .
204 2035 212 2043 .
235 2012 450 2043 tenuissimum
468 2017 582 2041 nerent.
630 2006 661 2038 G
672 2008 800 2048 (cnm)
811 2020 858 2034 =
904 2007 938 2041 §B
951 2006 1034 2041 ...R
1045 2021 1091 2034 =
1107 2008 1138 2038 H
1149 2016 1188 2039 oc
1211 2007 1300 2046 opud
1323 2015 1379 2037 nos
1401 2013 1531 2046 quoque.
1577 2002 1603 2033 B

155 2056 240 2092 alius
261 2063 462 2088 concensum
483 2054 675 2094 quandam.
903 2053 1041 2083 =ratio
1063 2061 1163 2091 nuper
1185 2052 1230 2083 ad
1252 2054 1369 2083 certum
1393 2050 1529 2082 duxit.
1558 2048 1603 2079 A·

200 2102 284 2133 alius
306 2100 533 2140 incorporalem
553 2098 725 2138 potentiam
742 2110 789 2124 =
804 2096 857 2128 BE
904 2095 967 2129 nic.
992 2110 1038 2123 =
1055 2098 1088 2128 in
1124 2098 1222 2128 lucem
1248 2096 1315 2127 dies
1338 2095 1528 2127 caecutiat.
1576 2091 1604 2123 E

157 2144 186 2176 G
201 2144 261 2178 1³3.
277 2143 349 2176 Col.
363 2145 396 2179 23
408 2166 447 2179 ω
460 2143 507 2178 R·
576 2142 633 2174 P4.
647 2156 693 2169 =
703 2143 787 2174 alius
809 2142 858 2173 in·
906 2140 994 2183 (soe)
1010 2141 1126 2183 e(scx>)
1139 2155 1185 2168 =
1196 2141 1218 2172 d
1228 2142 1239 2171 i
1249 2149 1264 2172 e
1274 2149 1289 2171 s
1312 2149 1378 2171 una
1395 2148 1457 2171 non
1476 2137 1604 2177 sufficit.

155 2190 475 2231 comparabilem
486 2189 667 2228 potentiam.
681 2188 860 2229 Opsopoeo
904 2187 930 2217 B
951 2200 997 2212 =
1020 2195 1087 2217 una
1110 2188 1199 2217 aetas
1220 2193 1283 2216 non
1315 2184 1431 2224 sufficit
1461 2184 1493 2213 ut
1524 2182 1606 2213 coelo
1658 2219 1660 2222 y

156 2235 240 2268 haec
256 2233 380 2275 „valde
396 2238 551 2276 suspecta
563 2237 641 2263 sunt
658 2236 694 2262 et
714 2242 754 2262 ex
765 2229 858 2262 Tho·
903 2234 980 2263 toto
1002 2233 1101 2262 vacet.
1148 2230 1173 2260 B
1185 2247 1227 2252 —
1241 2229 1326 2268 quod
1339 2233 1417 2259 ante
1440 2230 1506 2258 tam
1521 2234 1605 2265 pau-

157 2291 232 2312 mae
259 2278 372 2323 potius
393 2276 448 2311 vel
471 2275 566 2309 Scoti
589 2286 689 2319 quam
712 2276 859 2306 Senecae
905 2285 955 2308 cos
979 2284 1087 2306 annos.
1134 2274 1336 2305 B=studia
1359 2275 1394 2304 et
1413 2273 1503 2303 vitia.

156 2324 272 2358 schola
299 2334 371 2355 esse
390 2321 584 2355 videntur.“
632 2321 662 2352 G
674 2321 859 2359 =san9ui-
947 2329 1005 2359 per
1025 2320 1230 2351 successiones
1262 2318 1349 2348 isla
1383 2318 1494 2355 longas
1512 2328 1558 2342 ===
1580 2314 1604 2345 B

156 2379 203 2402 ne
235 2370 331 2402 dicut.
379 2368 403 2399 Β
424 2379 471 2395 =
489 2367 574 2398 Adeo
605 2375 668 2397 non
699 2367 798 2404 polest
821 2365 860 2394 li·
904 2364 988 2396 EeG
1001 2362 1059 2395 Gr.
1084 2362 1199 2394 Bamb.
1218 2360 1369 2393 Wirceb.
1394 2361 1428 2395 ἃς
1440 2381 1477 2394 .,.
1492 2360 1539 2394 Θ.

157 2422 250 2455 querc
272 2414 390 2445 animo.
434 2410 485 2443 sG
503 2425 548 2438 =
568 2413 603 2442 ut
625 2410 678 2441 ad
700 2410 771 2441 hec
794 2409 860 2447 ipse
906 2408 952 2442 {W
965 2430 1003 2443 0..
1015 2407 1170 2447 n=per
1187 2407 1392 2438 successiones
1413 2406 1508 2436 istos
1539 2405 1606 2436 lon·

158 2467 190 2492 se
211 2457 353 2500 quaerat.
400 2457 528 2488 B-se
549 2460 628 2487 ante
650 2456 791 2494 quaerat.
905 2462 974 2494 gas.
1010 2453 1079 2484 Iam
1095 2456 1268 2483 monuerat
1285 2450 1382 2482 Grut·.
1410 2454 1525 2481 natum
1541 2447 1607 2480 hoc

907 2508 980 2529 esse
1002 2508 1042 2529 ex
1064 2495 1194 2529 librarii
1212 2505 1335 2528 errore.

403 2534 483 2578 cap·
505 2534 619 2567 XXV·
952 2541 986 2575 3.
1010 2542 1123 2577 sEGss
1150 2545 1185 2579 -i-
1212 2542 1316 2574 Veniet
1338 2542 1457 2580 tempus
1480 2540 1606 2571 illud.

205 2594 237 2626 G
255 2607 302 2622 .·=
322 2603 343 2625 n
355 2602 405 2624 on
426 2593 518 2624 initia
540 2591 678 2622 illorum.
725 2588 756 2620 G
768 2589 801 2623 Q
814 2601 861 2616 =
907 2599 926 2620 e
943 2591 976 2625 -}-
999 2589 1102 2620 Veniet
1126 2587 1237 2619 illud
1269 2588 1399 2625 tempus.
1445 2585 1478 2619 §13
1492 2585 1608 2624 :quo

159 2639 405 2680 exigentibus
426 2637 609 2668 intervallis.
906 2633 1043 2674 pestis
1049 2633 1111 2665 eri
1151 2633 1259 2664 nostri.
1316 2631 1341 2661 B
1361 2644 1405 2657 =
1429 2638 1508 2670 quae
1544 2629 1609 2660 alio

204 2685 300 2717 stellis
322 2691 477 2716 numeros.
523 2679 616 2722 Virg.
641 2679 682 2710 G.
708 2679 734 2718 1,
763 2675 839 2710 137.
908 2689 924 2710 c
936 2679 1150 2710 oneum-entes
1172 2678 1247 2708 alio.
1278 2674 1307 2707 G
1320 2683 1456 2715 =quoe
1475 2675 1538 2706 alio
1558 2682 1609 2706 oc-

156 2740 158 2742 ·
203 2728 237 2761 2.
271 2729 298 2760 B
321 2742 367 2756 =
385 2728 503 2759 multoe
525 2726 564 2757 ho
574 2725 596 2756 d
606 2726 640 2757 ie
652 2734 670 2764 q
680 2733 702 2756 u
712 2733 728 2756 e
761 2726 865 2764 gentes
908 2726 1064 2755 currentes
1086 2724 1162 2754 Ioco.
1195 2722 1228 2756 >B
1241 2738 1282 2745 —
1294 2721 1370 2752 loco.
1393 2719 1474 2750 ΒΞ
1484 2727 1556 2759 quo
1566 2728 1587 2750 n
1599 2735 1611 2741 -

159 2777 231 2809 sunt
255 2783 336 2814 quae
358 2773 439 2813 socie
462 2774 594 2803 tantum.
911 2769 933 2800 d
944 2778 961 2799 o
984 2770 1066 2800 retro
1088 2769 1236 2807 ayantur.
1265 2763 1322 2799 24.
1336 2766 1549 2806 =129untur
1564 2771 1613 2795 re-

206 2820 392 2852 noverunt
427 2818 546 2849 coelum
565 2828 611 2843 =
635 2813 743 2846 BEeG
756 2814 789 2848 ἃς
804 2836 812 2847 .
828 2835 839 2847 .
855 2835 865 2846 .
915 2817 972 2846 tro.

162 2867 209 2901 (ὣ.
280 2864 325 2899 ⁵211
339 2886 376 2899 ...
389 2862 477 2898 ,Rs-z
489 2861 661 2894 noverint
684 2860 812 2892 coelum.
964 2861 1068 2890 utrum
1098 2866 1129 2888 m
1140 2865 1260 2897 eryer
1271 2858 1335 2888 ctu
1347 2865 1364 2888 r
1386 2855 1503 2895 Iupiter
1524 2867 1570 2882 ς
1592 2851 1617 2883 Β
