<?xml version="1.0" encoding="UTF-8"?>
<!DOCTYPE html PUBLIC "-//W3C//DTD XHTML 1.0 Transitional//EN"
    "http://www.w3.org/TR/xhtml1/DTD/xhtml1-transitional.dtd">
<html xmlns="http://www.w3.org/1999/xhtml" xml:lang="en" lang="en">
 <head>
  <title>
</title>
<meta http-equiv="Content-Type" content="text/html;charset=utf-8" />
  <meta name='ocr-system' content='tesseract 3.04.00' />
  <meta name='ocr-capabilities' content='ocr_page ocr_carea ocr_par ocr_line ocrx_word'/>
</head>
<body>
  <div class='ocr_page' id='page_1' title='image "./operasene03seneuoft_0711.png"; bbox 0 0 1812 3184; ppageno 0'>
   <div class='ocr_carea' id='block_1_1' title="bbox 484 179 1570 233">
    <p class='ocr_par' dir='ltr' id='par_1_1' title="bbox 484 179 1570 233">
     <span class='ocr_line' id='line_1_1' title="bbox 484 179 1570 233; baseline 0.011 -12"><span class='ocrx_word' id='word_1_1' title='bbox 484 179 667 222; x_wconf 82' lang='lat' dir='ltr'><strong>NATUR.</strong></span> <span class='ocrx_word' id='word_1_2' title='bbox 699 180 910 232; x_wconf 78' lang='lat' dir='ltr'><strong>QUAEST.</strong></span> <span class='ocrx_word' id='word_1_3' title='bbox 944 182 1038 224; x_wconf 82' lang='lat' dir='ltr'><strong>Lm.</strong></span> <span class='ocrx_word' id='word_1_4' title='bbox 1062 184 1154 233; x_wconf 86' lang='lat' dir='ltr'><strong>Vll,</strong></span> <span class='ocrx_word' id='word_1_5' title='bbox 1186 191 1225 227; x_wconf 85' lang='lat'><strong>9.</strong></span> <span class='ocrx_word' id='word_1_6' title='bbox 1491 187 1570 232; x_wconf 83' lang='lat'><strong>69¹</strong></span> 
     </span>
    </p>
   </div>
   <div class='ocr_carea' id='block_1_2' title="bbox 123 290 1606 358">
    <p class='ocr_par' dir='ltr' id='par_1_2' title="bbox 123 290 1606 358">
     <span class='ocr_line' id='line_1_2' title="bbox 123 290 1606 358; baseline 0.005 -25"><span class='ocrx_word' id='word_1_7' title='bbox 123 290 455 348; x_wconf 68' lang='lat' dir='ltr'><strong>quinqm1sidera</strong></span> <span class='ocrx_word' id='word_1_8' title='bbox 483 293 566 350; x_wconf 82' lang='lat' dir='ltr'><strong>rapi</strong></span> <span class='ocrx_word' id='word_1_9' title='bbox 599 301 720 337; x_wconf 88' lang='lat' dir='ltr'><strong>uento</strong></span> <span class='ocrx_word' id='word_1_10' title='bbox 748 302 817 338; x_wconf 81' lang='lat' dir='ltr'><strong>aut</strong></span> <span class='ocrx_word' id='word_1_11' title='bbox 841 295 996 339; x_wconf 87' lang='lat' dir='ltr'><strong>turbine</strong></span> <span class='ocrx_word' id='word_1_12' title='bbox 1019 296 1174 339; x_wconf 73' lang='lat' dir='ltr'><strong>rotari?</strong></span> <span class='ocrx_word' id='word_1_13' title='bbox 1228 296 1354 352; x_wconf 85' lang='lat' dir='ltr'><strong>Non,</strong></span> <span class='ocrx_word' id='word_1_14' title='bbox 1395 306 1438 343; x_wconf 90' lang='lat' dir='ltr'><strong>ut</strong></span> <span class='ocrx_word' id='word_1_15' title='bbox 1459 307 1568 358; x_wconf 85' lang='lat' dir='ltr'><strong>puto.</strong></span> <span class='ocrx_word' id='word_1_16' title='bbox 1588 314 1606 341; x_wconf 75' lang='lat'>³</span> 
     </span>
    </p>
   </div>
   <div class='ocr_carea' id='block_1_3' title="bbox 120 357 1572 490">
    <p class='ocr_par' dir='ltr' id='par_1_3' title="bbox 120 357 1572 490">
     <span class='ocr_line' id='line_1_3' title="bbox 123 357 1572 422; baseline 0.007 -21"><span class='ocrx_word' id='word_1_17' title='bbox 123 357 287 415; x_wconf 64' lang='lat' dir='ltr'><strong>Quare?</strong></span> <span class='ocrx_word' id='word_1_18' title='bbox 325 360 416 416; x_wconf 78' lang='lat' dir='ltr'><strong>quia</strong></span> <span class='ocrx_word' id='word_1_19' title='bbox 445 375 524 403; x_wconf 90' lang='lat' dir='ltr'><strong>non</strong></span> <span class='ocrx_word' id='word_1_20' title='bbox 553 368 614 404; x_wconf 87' lang='lat' dir='ltr'><strong>est</strong></span> <span class='ocrx_word' id='word_1_21' title='bbox 639 361 717 405; x_wconf 89' lang='lat' dir='ltr'><strong>illis</strong></span> <span class='ocrx_word' id='word_1_22' title='bbox 748 364 999 420; x_wconf 83' lang='lat' dir='ltr'><strong>perturbatus</strong></span> <span class='ocrx_word' id='word_1_23' title='bbox 1023 372 1065 406; x_wconf 88' lang='lat' dir='ltr'><strong>et</strong></span> <span class='ocrx_word' id='word_1_24' title='bbox 1084 365 1268 422; x_wconf 77' lang='lat' dir='ltr'><strong>inpotens</strong></span> <span class='ocrx_word' id='word_1_25' title='bbox 1290 379 1445 409; x_wconf 88' lang='lat' dir='ltr'><strong>cursus.</strong></span> <span class='ocrx_word' id='word_1_26' title='bbox 1505 368 1572 413; x_wconf 84' lang='lat' dir='ltr'><strong>Ad</strong></span> 
     </span>
     <span class='ocr_line' id='line_1_4' title="bbox 120 427 1568 490; baseline 0.007 -22"><span class='ocrx_word' id='word_1_27' title='bbox 120 433 297 478; x_wconf 59' lang='grc' dir='ltr'>καιρίας</span> <span class='ocrx_word' id='word_1_28' title='bbox 321 427 428 470; x_wconf 81' lang='lat' dir='ltr'><strong>idem.</strong></span> <span class='ocrx_word' id='word_1_29' title='bbox 457 430 762 473; x_wconf 70' lang='lat' dir='ltr'><strong>transferamnsz</strong></span> <span class='ocrx_word' id='word_1_30' title='bbox 804 445 886 473; x_wconf 85' lang='lat' dir='ltr'><strong>non</strong></span> <span class='ocrx_word' id='word_1_31' title='bbox 908 433 1074 475; x_wconf 77' lang='lat' dir='ltr'><strong>confuse</strong></span> <span class='ocrx_word' id='word_1_32' title='bbox 1095 446 1170 476; x_wconf 89' lang='lat' dir='ltr'><strong>nec</strong></span> <span class='ocrx_word' id='word_1_33' title='bbox 1195 433 1433 477; x_wconf 75' lang='lat' dir='ltr'><strong>tumultuose</strong></span> <span class='ocrx_word' id='word_1_34' title='bbox 1457 443 1568 490; x_wconf 87' lang='lat' dir='ltr'><strong>eunt,</strong></span> 
     </span>
    </p>
   </div>
   <div class='ocr_carea' id='block_1_4' title="bbox 114 494 1598 1432">
    <p class='ocr_par' dir='ltr' id='par_1_4' title="bbox 114 494 1598 1432">
     <span class='ocr_line' id='line_1_5' title="bbox 120 494 1569 559; baseline 0.006 -22"><span class='ocrx_word' id='word_1_35' title='bbox 120 499 166 537; x_wconf 80' lang='lat' dir='ltr'><strong>ut</strong></span> <span class='ocrx_word' id='word_1_36' title='bbox 185 494 328 552; x_wconf 75' lang='lat' dir='ltr'><strong>aliquis</strong></span> <span class='ocrx_word' id='word_1_37' title='bbox 349 496 486 541; x_wconf 82' lang='lat' dir='ltr'><strong>credat</strong></span> <span class='ocrx_word' id='word_1_38' title='bbox 509 497 598 540; x_wconf 80' lang='lat' dir='ltr'><strong>illos</strong></span> <span class='ocrx_word' id='word_1_39' title='bbox 620 498 751 540; x_wconf 80' lang='lat' dir='ltr'><strong>causis</strong></span> <span class='ocrx_word' id='word_1_40' title='bbox 781 499 1015 542; x_wconf 87' lang='lat' dir='ltr'><strong>turbulentis</strong></span> <span class='ocrx_word' id='word_1_41' title='bbox 1046 506 1086 542; x_wconf 88' lang='lat' dir='ltr'><strong>et</strong></span> <span class='ocrx_word' id='word_1_42' title='bbox 1116 499 1430 544; x_wconf 79' lang='lat' dir='ltr'><strong>inconstantibus</strong></span> <span class='ocrx_word' id='word_1_43' title='bbox 1462 504 1569 559; x_wconf 84' lang='lat' dir='ltr'><strong>pelli.</strong></span> 
     </span>
     <span class='ocr_line' id='line_1_6' title="bbox 119 560 1575 626; baseline 0.005 -21"><span class='ocrx_word' id='word_1_44' title='bbox 119 560 261 606; x_wconf 70' lang='lat' dir='ltr'><strong>deinde</strong></span> <span class='ocrx_word' id='word_1_45' title='bbox 279 564 396 606; x_wconf 78' lang='lat' dir='ltr'><strong>etiam</strong></span> <span class='ocrx_word' id='word_1_46' title='bbox 412 565 447 607; x_wconf 91' lang='lat' dir='ltr'><strong>si</strong></span> <span class='ocrx_word' id='word_1_47' title='bbox 470 566 642 608; x_wconf 89' lang='lat' dir='ltr'><strong>uertices</strong></span> <span class='ocrx_word' id='word_1_48' title='bbox 667 566 731 608; x_wconf 86' lang='lat' dir='ltr'><strong>isti</strong></span> <span class='ocrx_word' id='word_1_49' title='bbox 754 567 1074 623; x_wconf 81' lang='lat' dir='ltr'><strong>conprehendere</strong></span> <span class='ocrx_word' id='word_1_50' title='bbox 1096 574 1254 610; x_wconf 80' lang='lat' dir='ltr'><strong>terrena</strong></span> <span class='ocrx_word' id='word_1_51' title='bbox 1278 568 1510 626; x_wconf 80' lang='lat' dir='ltr'><strong>humidaque</strong></span> <span class='ocrx_word' id='word_1_52' title='bbox 1533 579 1575 614; x_wconf 91' lang='lat' dir='ltr'><strong>et</strong></span> 
     </span>
     <span class='ocr_line' id='line_1_7' title="bbox 119 630 1572 694; baseline 0.006 -21"><span class='ocrx_word' id='word_1_53' title='bbox 119 642 175 673; x_wconf 79' lang='lat' dir='ltr'><strong>ex</strong></span> <span class='ocrx_word' id='word_1_54' title='bbox 200 630 336 674; x_wconf 77' lang='lat' dir='ltr'><strong>humili</strong></span> <span class='ocrx_word' id='word_1_55' title='bbox 358 631 401 674; x_wconf 89' lang='lat' dir='ltr'><strong>in</strong></span> <span class='ocrx_word' id='word_1_56' title='bbox 419 632 539 674; x_wconf 79' lang='lat' dir='ltr'><strong>ultum</strong></span> <span class='ocrx_word' id='word_1_57' title='bbox 561 633 785 688; x_wconf 79' lang='lat' dir='ltr'><strong>exprimere</strong></span> <span class='ocrx_word' id='word_1_58' title='bbox 810 642 997 690; x_wconf 86' lang='lat' dir='ltr'><strong>possent,</strong></span> <span class='ocrx_word' id='word_1_59' title='bbox 1040 649 1119 676; x_wconf 91' lang='lat' dir='ltr'><strong>non</strong></span> <span class='ocrx_word' id='word_1_60' title='bbox 1143 642 1275 678; x_wconf 84' lang='lat' dir='ltr'><strong>tamen</strong></span> <span class='ocrx_word' id='word_1_61' title='bbox 1297 649 1416 694; x_wconf 83' lang='lat' dir='ltr'><strong>supra</strong></span> <span class='ocrx_word' id='word_1_62' title='bbox 1438 638 1572 681; x_wconf 78' lang='lat' dir='ltr'><strong>lunam</strong></span> 
     </span>
     <span class='ocr_line' id='line_1_8' title="bbox 118 697 1572 756; baseline 0.007 -17"><span class='ocrx_word' id='word_1_63' title='bbox 118 697 372 742; x_wconf 70' lang='lat' dir='ltr'><strong>efferremur.</strong></span> <span class='ocrx_word' id='word_1_64' title='bbox 433 697 574 742; x_wconf 86' lang='lat' dir='ltr'><strong>omnis</strong></span> <span class='ocrx_word' id='word_1_65' title='bbox 599 701 676 742; x_wconf 88' lang='lat' dir='ltr'><strong>illis</strong></span> <span class='ocrx_word' id='word_1_66' title='bbox 698 714 823 756; x_wconf 89' lang='lat' dir='ltr'><strong>usque</strong></span> <span class='ocrx_word' id='word_1_67' title='bbox 845 702 885 743; x_wconf 91' lang='lat' dir='ltr'><strong>in</strong></span> <span class='ocrx_word' id='word_1_68' title='bbox 907 701 1080 743; x_wconf 88' lang='lat' dir='ltr'><strong>nubilum</strong></span> <span class='ocrx_word' id='word_1_69' title='bbox 1106 703 1166 744; x_wconf 92' lang='lat' dir='ltr'><strong>uis</strong></span> <span class='ocrx_word' id='word_1_70' title='bbox 1187 710 1272 745; x_wconf 85' lang='lat' dir='ltr'><strong>est:</strong></span> <span class='ocrx_word' id='word_1_71' title='bbox 1306 712 1480 748; x_wconf 76' lang='lat' dir='ltr'><strong>cometas</strong></span> <span class='ocrx_word' id='word_1_72' title='bbox 1501 719 1572 749; x_wconf 81' lang='lat' dir='ltr'><strong>au-</strong></span> 
     </span>
     <span class='ocr_line' id='line_1_9' title="bbox 118 765 1569 829; baseline 0.008 -23"><span class='ocrx_word' id='word_1_73' title='bbox 118 771 199 808; x_wconf 75' lang='lat' dir='ltr'><strong>ton</strong></span> <span class='ocrx_word' id='word_1_74' title='bbox 217 765 556 809; x_wconf 68' lang='lat' dir='ltr'><strong>imixtos&#39;stellis</strong></span> <span class='ocrx_word' id='word_1_75' title='bbox 579 767 758 809; x_wconf 87' lang='lat' dir='ltr'><strong>uidemus</strong></span> <span class='ocrx_word' id='word_1_76' title='bbox 781 782 852 824; x_wconf 87' lang='lat' dir='ltr'><strong>per</strong></span> <span class='ocrx_word' id='word_1_77' title='bbox 873 770 1078 825; x_wconf 83' lang='lat' dir='ltr'><strong>superiora</strong></span> <span class='ocrx_word' id='word_1_78' title='bbox 1100 770 1293 814; x_wconf 85' lang='lat' dir='ltr'><strong>labentes.</strong></span> <span class='ocrx_word' id='word_1_79' title='bbox 1353 771 1466 829; x_wconf 88' lang='lat' dir='ltr'><strong>Ergo</strong></span> <span class='ocrx_word' id='word_1_80' title='bbox 1499 788 1569 817; x_wconf 88' lang='lat' dir='ltr'><strong>ue·</strong></span> 
     </span>
     <span class='ocr_line' id='line_1_10' title="bbox 115 831 1569 897; baseline 0.007 -24"><span class='ocrx_word' id='word_1_81' title='bbox 115 831 282 875; x_wconf 67' lang='lat' dir='ltr'><strong>risinile</strong></span> <span class='ocrx_word' id='word_1_82' title='bbox 303 846 383 874; x_wconf 92' lang='lat' dir='ltr'><strong>non</strong></span> <span class='ocrx_word' id='word_1_83' title='bbox 402 839 465 896; x_wconf 83' lang='lat' dir='ltr'><strong>est</strong></span> <span class='ocrx_word' id='word_1_84' title='bbox 483 833 525 875; x_wconf 90' lang='lat' dir='ltr'><strong>in</strong></span> <span class='ocrx_word' id='word_1_85' title='bbox 546 840 697 876; x_wconf 86' lang='lat' dir='ltr'><strong>tantum</strong></span> <span class='ocrx_word' id='word_1_86' title='bbox 717 835 885 891; x_wconf 82' lang='lat' dir='ltr'><strong>spatium</strong></span> <span class='ocrx_word' id='word_1_87' title='bbox 905 850 1167 892; x_wconf 84' lang='lat' dir='ltr'><strong>perseuerare</strong></span> <span class='ocrx_word' id='word_1_88' title='bbox 1190 837 1385 881; x_wconf 85' lang='lat' dir='ltr'><strong>turbinem</strong></span> <span class='ocrx_word' id='word_1_89' title='bbox 1406 840 1471 896; x_wconf 91' lang='lat' dir='ltr'><strong>qui</strong></span> <span class='ocrx_word' id='word_1_90' title='bbox 1493 855 1569 897; x_wconf 91' lang='lat' dir='ltr'><strong>quo</strong></span> 
     </span>
     <span class='ocr_line' id='line_1_11' title="bbox 115 898 1567 964; baseline 0.006 -23"><span class='ocrx_word' id='word_1_91' title='bbox 115 898 245 942; x_wconf 67' lang='lat' dir='ltr'><strong>maior.</strong></span> <span class='ocrx_word' id='word_1_92' title='bbox 263 908 325 943; x_wconf 86' lang='lat' dir='ltr'><strong>est</strong></span> <span class='ocrx_word' id='word_1_93' title='bbox 344 900 537 943; x_wconf 81' lang='lat' dir='ltr'><strong>maturius</strong></span> <span class='ocrx_word' id='word_1_94' title='bbox 559 902 838 958; x_wconf 81' lang='lat' dir='ltr'><strong>corrumpitur.</strong></span> <span class='ocrx_word' id='word_1_95' title='bbox 897 901 977 944; x_wconf 89' lang='lat' dir='ltr'><strong>IX.</strong></span> <span class='ocrx_word' id='word_1_96' title='bbox 1010 902 1249 947; x_wconf 85' lang='lat' dir='ltr'><strong>Utrumlibet</strong></span> <span class='ocrx_word' id='word_1_97' title='bbox 1267 905 1398 961; x_wconf 68' lang='lat' dir='ltr'><strong>itaque</strong></span> <span class='ocrx_word' id='word_1_98' title='bbox 1421 908 1567 964; x_wconf 73' lang='lat' dir='ltr'><strong>eligatz</strong></span> 
     </span>
     <span class='ocr_line' id='line_1_12' title="bbox 114 966 1569 1027; baseline 0.005 -18"><span class='ocrx_word' id='word_1_99' title='bbox 114 973 186 1010; x_wconf 72' lang='lat' dir='ltr'><strong>ant</strong></span> <span class='ocrx_word' id='word_1_100' title='bbox 204 966 309 1010; x_wconf 80' lang='lat' dir='ltr'><strong>leuis</strong></span> <span class='ocrx_word' id='word_1_101' title='bbox 329 967 391 1010; x_wconf 90' lang='lat' dir='ltr'><strong>uis</strong></span> <span class='ocrx_word' id='word_1_102' title='bbox 415 982 463 1019; x_wconf 78' lang='lat' dir='ltr'><strong>eo</strong></span> <span class='ocrx_word' id='word_1_103' title='bbox 488 969 696 1024; x_wconf 88' lang='lat' dir='ltr'><strong>peruenire</strong></span> <span class='ocrx_word' id='word_1_104' title='bbox 719 984 796 1011; x_wconf 90' lang='lat' dir='ltr'><strong>non</strong></span> <span class='ocrx_word' id='word_1_105' title='bbox 818 971 963 1026; x_wconf 88' lang='lat' dir='ltr'><strong>poterit</strong></span> <span class='ocrx_word' id='word_1_106' title='bbox 983 978 1052 1012; x_wconf 85' lang='lat' dir='ltr'><strong>aut</strong></span> <span class='ocrx_word' id='word_1_107' title='bbox 1071 986 1214 1027; x_wconf 80' lang='lat' dir='ltr'><strong>magna</strong></span> <span class='ocrx_word' id='word_1_108' title='bbox 1235 980 1276 1014; x_wconf 88' lang='lat' dir='ltr'><strong>et</strong></span> <span class='ocrx_word' id='word_1_109' title='bbox 1295 975 1491 1016; x_wconf 83' lang='lat' dir='ltr'><strong>concitata</strong></span> <span class='ocrx_word' id='word_1_110' title='bbox 1512 976 1569 1017; x_wconf 84' lang='lat' dir='ltr'><strong>ci-</strong></span> 
     </span>
     <span class='ocr_line' id='line_1_13' title="bbox 115 1033 1563 1095; baseline 0.006 -19"><span class='ocrx_word' id='word_1_111' title='bbox 115 1033 202 1076; x_wconf 78' lang='lat' dir='ltr'><strong>tius</strong></span> <span class='ocrx_word' id='word_1_112' title='bbox 214 1034 302 1091; x_wconf 72' lang='lat' dir='ltr'><strong>ipsa</strong></span> <span class='ocrx_word' id='word_1_113' title='bbox 324 1048 369 1077; x_wconf 91' lang='lat' dir='ltr'><strong>se</strong></span> <span class='ocrx_word' id='word_1_114' title='bbox 391 1036 562 1091; x_wconf 77' lang='lat' dir='ltr'><strong>franget.</strong></span> <span class='ocrx_word' id='word_1_115' title='bbox 621 1035 836 1079; x_wconf 82' lang='lat' dir='ltr'><strong>Praeterea</strong></span> <span class='ocrx_word' id='word_1_116' title='bbox 862 1038 1088 1084; x_wconf 87' lang='lat' dir='ltr'><strong>humiliores</strong></span> <span class='ocrx_word' id='word_1_117' title='bbox 1110 1039 1166 1080; x_wconf 91' lang='lat' dir='ltr'><strong>illi</strong></span> <span class='ocrx_word' id='word_1_118' title='bbox 1189 1047 1367 1082; x_wconf 85' lang='lat' dir='ltr'><strong>cometae</strong></span> <span class='ocrx_word' id='word_1_119' title='bbox 1395 1040 1445 1083; x_wconf 90' lang='lat' dir='ltr'><strong>ob</strong></span> <span class='ocrx_word' id='word_1_120' title='bbox 1472 1042 1563 1095; x_wconf 90' lang='lat' dir='ltr'><strong>hoc,</strong></span> 
     </span>
     <span class='ocr_line' id='line_1_14' title="bbox 115 1104 1565 1164; baseline 0.006 -20"><span class='ocrx_word' id='word_1_121' title='bbox 115 1108 160 1144; x_wconf 81' lang='lat' dir='ltr'><strong>ut</strong></span> <span class='ocrx_word' id='word_1_122' title='bbox 176 1108 342 1158; x_wconf 81' lang='lat' dir='ltr'><strong>putant,</strong></span> <span class='ocrx_word' id='word_1_123' title='bbox 377 1117 457 1146; x_wconf 86' lang='lat' dir='ltr'><strong>nou</strong></span> <span class='ocrx_word' id='word_1_124' title='bbox 477 1111 628 1146; x_wconf 79' lang='lat' dir='ltr'><strong>exeunt</strong></span> <span class='ocrx_word' id='word_1_125' title='bbox 652 1104 768 1146; x_wconf 83' lang='lat' dir='ltr'><strong>altius</strong></span> <span class='ocrx_word' id='word_1_126' title='bbox 782 1135 794 1156; x_wconf 93' lang='lat'><strong>,</strong></span> <span class='ocrx_word' id='word_1_127' title='bbox 834 1105 925 1161; x_wconf 81' lang='lat' dir='ltr'><strong>quia</strong></span> <span class='ocrx_word' id='word_1_128' title='bbox 945 1105 1031 1161; x_wconf 89' lang='lat' dir='ltr'><strong>plus</strong></span> <span class='ocrx_word' id='word_1_129' title='bbox 1055 1106 1205 1147; x_wconf 82' lang='lat' dir='ltr'><strong>terreni</strong></span> <span class='ocrx_word' id='word_1_130' title='bbox 1227 1106 1392 1150; x_wconf 81' lang='lat' dir='ltr'><strong>habent:</strong></span> <span class='ocrx_word' id='word_1_131' title='bbox 1431 1110 1565 1164; x_wconf 84' lang='lat' dir='ltr'><strong>graui·</strong></span> 
     </span>
     <span class='ocr_line' id='line_1_15' title="bbox 115 1169 1564 1228; baseline 0.006 -17"><span class='ocrx_word' id='word_1_132' title='bbox 115 1176 178 1212; x_wconf 71' lang='lat' dir='ltr'><strong>tas</strong></span> <span class='ocrx_word' id='word_1_133' title='bbox 198 1169 288 1212; x_wconf 91' lang='lat' dir='ltr'><strong>illos</strong></span> <span class='ocrx_word' id='word_1_134' title='bbox 311 1171 447 1213; x_wconf 81' lang='lat' dir='ltr'><strong>suain</strong></span> <span class='ocrx_word' id='word_1_135' title='bbox 471 1171 654 1228; x_wconf 86' lang='lat' dir='ltr'><strong>proximo</strong></span> <span class='ocrx_word' id='word_1_136' title='bbox 681 1179 813 1214; x_wconf 76' lang='lat' dir='ltr'><strong>tenet-</strong></span> <span class='ocrx_word' id='word_1_137' title='bbox 865 1172 989 1228; x_wconf 89' lang='lat' dir='ltr'><strong>Atqui</strong></span> <span class='ocrx_word' id='word_1_138' title='bbox 1018 1186 1186 1214; x_wconf 86' lang='lat' dir='ltr'><strong>necesse</strong></span> <span class='ocrx_word' id='word_1_139' title='bbox 1214 1181 1276 1215; x_wconf 90' lang='lat' dir='ltr'><strong>est</strong></span> <span class='ocrx_word' id='word_1_140' title='bbox 1305 1174 1365 1216; x_wconf 90' lang='lat' dir='ltr'><strong>his</strong></span> <span class='ocrx_word' id='word_1_141' title='bbox 1397 1177 1564 1220; x_wconf 87' lang='lat' dir='ltr'><strong>cometis</strong></span> 
     </span>
     <span class='ocr_line' id='line_1_16' title="bbox 114 1231 1564 1296; baseline 0.006 -18"><span class='ocrx_word' id='word_1_142' title='bbox 114 1231 451 1292; x_wconf 80' lang='lat' dir='ltr'><strong>diuturnioribus,</strong></span> <span class='ocrx_word' id='word_1_143' title='bbox 483 1239 718 1282; x_wconf 85' lang='lat' dir='ltr'><strong>celsioribus</strong></span> <span class='ocrx_word' id='word_1_144' title='bbox 739 1239 891 1295; x_wconf 91' lang='lat' dir='ltr'><strong>plenior</strong></span> <span class='ocrx_word' id='word_1_145' title='bbox 909 1240 1071 1282; x_wconf 83' lang='lat' dir='ltr'><strong>materia</strong></span> <span class='ocrx_word' id='word_1_146' title='bbox 1091 1241 1165 1282; x_wconf 88' lang='lat' dir='ltr'><strong>sit:</strong></span> <span class='ocrx_word' id='word_1_147' title='bbox 1199 1254 1327 1296; x_wconf 89' lang='lat' dir='ltr'><strong>neque</strong></span> <span class='ocrx_word' id='word_1_148' title='bbox 1351 1243 1454 1285; x_wconf 88' lang='lat' dir='ltr'><strong>enim</strong></span> <span class='ocrx_word' id='word_1_149' title='bbox 1478 1243 1564 1286; x_wconf 87' lang='lat' dir='ltr'><strong>diu-</strong></span> 
     </span>
     <span class='ocr_line' id='line_1_17' title="bbox 114 1303 1598 1361; baseline 0.005 -16"><span class='ocrx_word' id='word_1_150' title='bbox 114 1303 193 1355; x_wconf 79' lang='lat' dir='ltr'><strong>tius</strong></span> <span class='ocrx_word' id='word_1_151' title='bbox 220 1305 478 1361; x_wconf 76' lang='lat' dir='ltr'><strong>adparerent,</strong></span> <span class='ocrx_word' id='word_1_152' title='bbox 523 1306 599 1347; x_wconf 88' lang='lat' dir='ltr'><strong>nisi</strong></span> <span class='ocrx_word' id='word_1_153' title='bbox 620 1307 835 1349; x_wconf 78' lang='lat' dir='ltr'><strong>maioribus</strong></span> <span class='ocrx_word' id='word_1_154' title='bbox 856 1307 1104 1349; x_wconf 84' lang='lat' dir='ltr'><strong>nutrimentis</strong></span> <span class='ocrx_word' id='word_1_155' title='bbox 1123 1308 1429 1351; x_wconf 87' lang='lat' dir='ltr'><strong>sustinerentur.</strong></span> <span class='ocrx_word' id='word_1_156' title='bbox 1488 1309 1562 1353; x_wconf 85' lang='lat' dir='ltr'><strong>Di·</strong></span> <span class='ocrx_word' id='word_1_157' title='bbox 1580 1319 1598 1348; x_wconf 90' lang='lat'>2</span> 
     </span>
     <span class='ocr_line' id='line_1_18' title="bbox 114 1371 1562 1432; baseline 0.006 -19"><span class='ocrx_word' id='word_1_158' title='bbox 114 1371 248 1414; x_wconf 74' lang='lat' dir='ltr'><strong>cebem</strong></span> <span class='ocrx_word' id='word_1_159' title='bbox 270 1372 387 1414; x_wconf 87' lang='lat' dir='ltr'><strong>modo</strong></span> <span class='ocrx_word' id='word_1_160' title='bbox 407 1386 487 1414; x_wconf 91' lang='lat' dir='ltr'><strong>non</strong></span> <span class='ocrx_word' id='word_1_161' title='bbox 507 1387 626 1429; x_wconf 90' lang='lat' dir='ltr'><strong>posse</strong></span> <span class='ocrx_word' id='word_1_162' title='bbox 644 1374 833 1417; x_wconf 84' lang='lat' dir='ltr'><strong>uerticem</strong></span> <span class='ocrx_word' id='word_1_163' title='bbox 855 1374 921 1416; x_wconf 92' lang='lat' dir='ltr'><strong>diu</strong></span> <span class='ocrx_word' id='word_1_164' title='bbox 943 1388 1176 1430; x_wconf 83' lang='lat' dir='ltr'><strong>permanere</strong></span> <span class='ocrx_word' id='word_1_165' title='bbox 1195 1389 1269 1417; x_wconf 88' lang='lat' dir='ltr'><strong>nec</strong></span> <span class='ocrx_word' id='word_1_166' title='bbox 1289 1389 1408 1432; x_wconf 83' lang='lat' dir='ltr'><strong>supra</strong></span> <span class='ocrx_word' id='word_1_167' title='bbox 1430 1377 1562 1421; x_wconf 79' lang='lat' dir='ltr'><strong>lunam</strong></span> 
     </span>
    </p>
   </div>
   <div class='ocr_carea' id='block_1_5' title="bbox 0 0 61 721">
    <p class='ocr_par' dir='ltr' id='par_1_5' title="bbox 0 0 61 721">
     <span class='ocr_line' id='line_1_19' title="bbox 0 0 61 721; baseline 0 2463"><span class='ocrx_word' id='word_1_168' title='bbox 0 0 61 721; x_wconf 95' lang='lat' dir='ltr'><strong> </strong></span> 
     </span>
    </p>
   </div>
   <div class='ocr_carea' id='block_1_6' title="bbox 115 1506 822 2669">
    <p class='ocr_par' dir='ltr' id='par_1_6' title="bbox 115 1506 819 1955">
     <span class='ocr_line' id='line_1_20' title="bbox 115 1506 818 1544; baseline 0.003 -4"><span class='ocrx_word' id='word_1_169' title='bbox 115 1511 217 1544; x_wconf 74' lang='lat' dir='ltr'><strong>strum</strong></span> <span class='ocrx_word' id='word_1_170' title='bbox 237 1510 309 1540; x_wconf 78' lang='lat' dir='ltr'><strong>aut</strong></span> <span class='ocrx_word' id='word_1_171' title='bbox 330 1509 527 1542; x_wconf 78' lang='lat' dir='ltr'><strong>crederet</strong></span> <span class='ocrx_word' id='word_1_172' title='bbox 547 1509 669 1541; x_wconf 82' lang='lat' dir='ltr'><strong>lunam.</strong></span> <span class='ocrx_word' id='word_1_173' title='bbox 701 1506 760 1542; x_wconf 76' lang='lat' dir='ltr'><strong>P4.</strong></span> <span class='ocrx_word' id='word_1_174' title='bbox 771 1523 818 1538; x_wconf 87' lang='lat'><strong>==</strong></span> 
     </span>
     <span class='ocr_line' id='line_1_21' title="bbox 118 1555 818 1594; baseline 0.001 -9"><span class='ocrx_word' id='word_1_175' title='bbox 118 1555 190 1586; x_wconf 82' lang='lat' dir='ltr'><strong>Nun</strong></span> <span class='ocrx_word' id='word_1_176' title='bbox 199 1563 219 1594; x_wconf 77' lang='lat' dir='ltr'>q</span> <span class='ocrx_word' id='word_1_177' title='bbox 227 1563 250 1585; x_wconf 91' lang='lat' dir='ltr'><strong>u</strong></span> <span class='ocrx_word' id='word_1_178' title='bbox 260 1562 321 1585; x_wconf 85' lang='lat' dir='ltr'><strong>am</strong></span> <span class='ocrx_word' id='word_1_179' title='bbox 363 1557 504 1586; x_wconf 80' lang='lat' dir='ltr'><strong>nostrum</strong></span> <span class='ocrx_word' id='word_1_180' title='bbox 541 1564 612 1586; x_wconf 83' lang='lat' dir='ltr'><strong>acce</strong></span> <span class='ocrx_word' id='word_1_181' title='bbox 622 1564 642 1586; x_wconf 84' lang='lat' dir='ltr'><em>n</em></span> <span class='ocrx_word' id='word_1_182' title='bbox 651 1555 736 1586; x_wconf 79' lang='lat' dir='ltr'><strong>deret</strong></span> <span class='ocrx_word' id='word_1_183' title='bbox 769 1556 818 1586; x_wconf 89' lang='lat' dir='ltr'><strong>lu-</strong></span> 
     </span>
     <span class='ocr_line' id='line_1_22' title="bbox 116 1597 818 1639; baseline 0 -9"><span class='ocrx_word' id='word_1_184' title='bbox 116 1607 203 1631; x_wconf 84' lang='lat' dir='ltr'><strong>nam.</strong></span> <span class='ocrx_word' id='word_1_185' title='bbox 245 1597 315 1630; x_wconf 86' lang='lat' dir='ltr'><strong>Col.</strong></span> <span class='ocrx_word' id='word_1_186' title='bbox 329 1612 376 1626; x_wconf 88' lang='lat'>=</span> <span class='ocrx_word' id='word_1_187' title='bbox 385 1609 451 1631; x_wconf 82' lang='lat' dir='ltr'><strong>mm</strong></span> <span class='ocrx_word' id='word_1_188' title='bbox 459 1608 478 1639; x_wconf 83' lang='lat' dir='ltr'>q</span> <span class='ocrx_word' id='word_1_189' title='bbox 486 1609 509 1630; x_wconf 90' lang='lat' dir='ltr'><strong>u</strong></span> <span class='ocrx_word' id='word_1_190' title='bbox 519 1608 539 1630; x_wconf 89' lang='lat' dir='ltr'><em>a</em></span> <span class='ocrx_word' id='word_1_191' title='bbox 548 1608 581 1630; x_wconf 89' lang='lat' dir='ltr'><strong>m</strong></span> <span class='ocrx_word' id='word_1_192' title='bbox 603 1602 744 1631; x_wconf 80' lang='lat' dir='ltr'><strong>nostrum</strong></span> <span class='ocrx_word' id='word_1_193' title='bbox 764 1609 818 1631; x_wconf 88' lang='lat' dir='ltr'><strong>ac-</strong></span> 
     </span>
     <span class='ocr_line' id='line_1_23' title="bbox 117 1644 819 1684; baseline -0.001 -8"><span class='ocrx_word' id='word_1_194' title='bbox 117 1644 236 1676; x_wconf 78' lang='lat' dir='ltr'><strong>cederet</strong></span> <span class='ocrx_word' id='word_1_195' title='bbox 247 1645 369 1675; x_wconf 80' lang='lat' dir='ltr'><strong>lunam.</strong></span> <span class='ocrx_word' id='word_1_196' title='bbox 394 1645 427 1679; x_wconf 58' lang='grc' dir='ltr'><strong>Β</strong></span> <span class='ocrx_word' id='word_1_197' title='bbox 438 1657 485 1671; x_wconf 92' lang='lat'>=</span> <span class='ocrx_word' id='word_1_198' title='bbox 496 1645 579 1676; x_wconf 88' lang='lat' dir='ltr'><strong>Num</strong></span> <span class='ocrx_word' id='word_1_199' title='bbox 594 1653 614 1684; x_wconf 83' lang='lat' dir='ltr'><em>q</em></span> <span class='ocrx_word' id='word_1_200' title='bbox 625 1645 667 1675; x_wconf 86' lang='lat' dir='ltr'><strong>ui</strong></span> <span class='ocrx_word' id='word_1_201' title='bbox 680 1647 819 1676; x_wconf 79' lang='lat' dir='ltr'><strong>nostrum</strong></span> 
     </span>
     <span class='ocr_line' id='line_1_24' title="bbox 117 1687 818 1721; baseline -0.004 -1"><span class='ocrx_word' id='word_1_202' title='bbox 117 1697 140 1720; x_wconf 83' lang='lat' dir='ltr'><strong>a</strong></span> <span class='ocrx_word' id='word_1_203' title='bbox 149 1691 194 1720; x_wconf 83' lang='lat' dir='ltr'><strong>ut</strong></span> <span class='ocrx_word' id='word_1_204' title='bbox 231 1689 391 1721; x_wconf 81' lang='lat' dir='ltr'><strong>accederet</strong></span> <span class='ocrx_word' id='word_1_205' title='bbox 422 1691 542 1721; x_wconf 84' lang='lat' dir='ltr'><strong>lunam.</strong></span> <span class='ocrx_word' id='word_1_206' title='bbox 588 1688 685 1720; x_wconf 84' lang='lat' dir='ltr'><strong>Grut.</strong></span> <span class='ocrx_word' id='word_1_207' title='bbox 710 1687 750 1720; x_wconf 87' lang='lat' dir='ltr'><strong>ci.</strong></span> <span class='ocrx_word' id='word_1_208' title='bbox 772 1703 818 1716; x_wconf 92' lang='lat'><strong><em>=</em></strong></span> 
     </span>
     <span class='ocr_line' id='line_1_25' title="bbox 118 1734 819 1774; baseline 0 -9"><span class='ocrx_word' id='word_1_209' title='bbox 118 1735 200 1766; x_wconf 88' lang='lat' dir='ltr'><strong>Num</strong></span> <span class='ocrx_word' id='word_1_210' title='bbox 223 1735 294 1774; x_wconf 78' lang='lat' dir='ltr'><strong>quis</strong></span> <span class='ocrx_word' id='word_1_211' title='bbox 312 1737 454 1766; x_wconf 78' lang='lat' dir='ltr'><strong>nostrum</strong></span> <span class='ocrx_word' id='word_1_212' title='bbox 475 1735 675 1766; x_wconf 78' lang='lat' dir='ltr'><strong>accrederet</strong></span> <span class='ocrx_word' id='word_1_213' title='bbox 696 1734 819 1765; x_wconf 83' lang='lat' dir='ltr'><strong>lunam.</strong></span> 
     </span>
     <span class='ocr_line' id='line_1_26' title="bbox 118 1777 817 1819; baseline -0.007 -5"><span class='ocrx_word' id='word_1_214' title='bbox 118 1777 183 1814; x_wconf 63' lang='lat'><strong>(31.</strong></span> <span class='ocrx_word' id='word_1_215' title='bbox 194 1799 228 1814; x_wconf 74' lang='lat'><strong>0·</strong></span> <span class='ocrx_word' id='word_1_216' title='bbox 241 1800 252 1813; x_wconf 80' lang='grc'><strong>.</strong></span> <span class='ocrx_word' id='word_1_217' title='bbox 264 1778 447 1813; x_wconf 64' lang='lat' dir='ltr'><strong>st=Num</strong></span> <span class='ocrx_word' id='word_1_218' title='bbox 469 1780 539 1819; x_wconf 79' lang='lat' dir='ltr'><strong>quis</strong></span> <span class='ocrx_word' id='word_1_219' title='bbox 560 1781 701 1811; x_wconf 85' lang='lat' dir='ltr'><strong>nostrum</strong></span> <span class='ocrx_word' id='word_1_220' title='bbox 723 1788 739 1810; x_wconf 91' lang='lat' dir='ltr'><strong>c</strong></span> <span class='ocrx_word' id='word_1_221' title='bbox 750 1781 817 1810; x_wconf 74' lang='lat' dir='ltr'><strong>re‘-</strong></span> 
     </span>
     <span class='ocr_line' id='line_1_27' title="bbox 117 1822 818 1867; baseline -0.003 -11"><span class='ocrx_word' id='word_1_222' title='bbox 117 1825 139 1856; x_wconf 84' lang='lat' dir='ltr'>d</span> <span class='ocrx_word' id='word_1_223' title='bbox 149 1826 235 1856; x_wconf 85' lang='lat' dir='ltr'><strong>eret</strong></span> <span class='ocrx_word' id='word_1_224' title='bbox 257 1827 331 1867; x_wconf 70' lang='lat' dir='ltr'><strong>aut</strong></span> <span class='ocrx_word' id='word_1_225' title='bbox 353 1825 474 1856; x_wconf 84' lang='lat' dir='ltr'><strong>lunam.</strong></span> <span class='ocrx_word' id='word_1_226' title='bbox 520 1822 611 1855; x_wconf 85' lang='lat' dir='ltr'><strong>Pinc.</strong></span> <span class='ocrx_word' id='word_1_227' title='bbox 636 1822 676 1856; x_wconf 84' lang='lat' dir='ltr'><strong>ci.</strong></span> <span class='ocrx_word' id='word_1_228' title='bbox 699 1836 745 1850; x_wconf 92' lang='lat'>=</span> <span class='ocrx_word' id='word_1_229' title='bbox 769 1825 818 1854; x_wconf 80' lang='lat' dir='ltr'><strong>lu·</strong></span> 
     </span>
     <span class='ocr_line' id='line_1_28' title="bbox 117 1869 817 1909; baseline -0.003 -8"><span class='ocrx_word' id='word_1_230' title='bbox 117 1870 171 1901; x_wconf 83' lang='lat' dir='ltr'><strong>mi</strong></span> <span class='ocrx_word' id='word_1_231' title='bbox 180 1878 232 1901; x_wconf 86' lang='lat' dir='ltr'><strong>na</strong></span> <span class='ocrx_word' id='word_1_232' title='bbox 254 1871 312 1901; x_wconf 79' lang='lat' dir='ltr'><strong>aut</strong></span> <span class='ocrx_word' id='word_1_233' title='bbox 332 1870 467 1909; x_wconf 79' lang='lat' dir='ltr'><strong>quinque</strong></span> <span class='ocrx_word' id='word_1_234' title='bbox 489 1869 607 1900; x_wconf 79' lang='lat' dir='ltr'><strong>sidera.</strong></span> <span class='ocrx_word' id='word_1_235' title='bbox 632 1869 656 1899; x_wconf 88' lang='lat' dir='ltr'>B</span> <span class='ocrx_word' id='word_1_236' title='bbox 671 1887 713 1891; x_wconf 97' lang='lat'><strong>—</strong></span> <span class='ocrx_word' id='word_1_237' title='bbox 725 1870 817 1908; x_wconf 81' lang='lat' dir='ltr'><strong>quin-</strong></span> 
     </span>
     <span class='ocr_line' id='line_1_29' title="bbox 116 1911 711 1955; baseline -0.003 -9"><span class='ocrx_word' id='word_1_238' title='bbox 116 1922 187 1955; x_wconf 75' lang='lat' dir='ltr'><strong>que.</strong></span> <span class='ocrx_word' id='word_1_239' title='bbox 236 1911 306 1946; x_wconf 89' lang='lat' dir='ltr'><strong>Col.</strong></span> <span class='ocrx_word' id='word_1_240' title='bbox 318 1927 364 1941; x_wconf 90' lang='lat'>=</span> <span class='ocrx_word' id='word_1_241' title='bbox 374 1916 416 1945; x_wconf 82' lang='lat' dir='ltr'><strong>ut</strong></span> <span class='ocrx_word' id='word_1_242' title='bbox 438 1915 573 1955; x_wconf 80' lang='lat' dir='ltr'><strong>quinque</strong></span> <span class='ocrx_word' id='word_1_243' title='bbox 595 1914 711 1945; x_wconf 79' lang='lat' dir='ltr'><strong>sidera.</strong></span> 
     </span>
    </p>

    <p class='ocr_par' dir='ltr' id='par_1_7' title="bbox 115 1955 818 2270">
     <span class='ocr_line' id='line_1_30' title="bbox 161 1955 817 2000; baseline -0.003 -9"><span class='ocrx_word' id='word_1_244' title='bbox 161 1955 196 1992; x_wconf 86' lang='lat'><strong>3.</strong></span> <span class='ocrx_word' id='word_1_245' title='bbox 233 1957 371 2000; x_wconf 67' lang='lat' dir='ltr'><strong>G(s&lt;x&gt;)</strong></span> <span class='ocrx_word' id='word_1_246' title='bbox 394 1972 440 1986; x_wconf 94' lang='lat'>=</span> <span class='ocrx_word' id='word_1_247' title='bbox 459 1959 509 1990; x_wconf 76' lang='lat' dir='ltr'><strong>Aa</strong></span> <span class='ocrx_word' id='word_1_248' title='bbox 552 1961 687 1990; x_wconf 83' lang='lat' dir='ltr'><strong>cometas</strong></span> <span class='ocrx_word' id='word_1_249' title='bbox 723 1957 817 1990; x_wconf 78' lang='lat' dir='ltr'><strong>inde</strong></span> 
     </span>
     <span class='ocr_line' id='line_1_31' title="bbox 116 2003 817 2044; baseline -0.003 -8"><span class='ocrx_word' id='word_1_250' title='bbox 116 2004 356 2044; x_wconf 69' lang='lat' dir='ltr'><strong>transferamus.</strong></span> <span class='ocrx_word' id='word_1_251' title='bbox 381 2004 404 2034; x_wconf 88' lang='grc' dir='ltr'><strong>Β</strong></span> <span class='ocrx_word' id='word_1_252' title='bbox 415 2018 461 2031; x_wconf 93' lang='lat'>=</span> <span class='ocrx_word' id='word_1_253' title='bbox 472 2003 590 2043; x_wconf 73' lang='lat' dir='ltr'><strong>transse</strong></span> <span class='ocrx_word' id='word_1_254' title='bbox 600 2013 617 2034; x_wconf 90' lang='lat' dir='ltr'><strong>r</strong></span> <span class='ocrx_word' id='word_1_255' title='bbox 627 2012 647 2034; x_wconf 82' lang='lat' dir='ltr'><em>a</em></span> <span class='ocrx_word' id='word_1_256' title='bbox 657 2006 667 2034; x_wconf 88' lang='lat' dir='ltr'><strong>t</strong></span> <span class='ocrx_word' id='word_1_257' title='bbox 677 2013 698 2034; x_wconf 92' lang='lat' dir='ltr'><strong>u</strong></span> <span class='ocrx_word' id='word_1_258' title='bbox 707 2012 734 2034; x_wconf 80' lang='lat' dir='ltr'><strong>r.</strong></span> <span class='ocrx_word' id='word_1_259' title='bbox 756 2012 817 2034; x_wconf 81' lang='lat' dir='ltr'><strong>non</strong></span> 
     </span>
     <span class='ocr_line' id='line_1_32' title="bbox 117 2048 818 2089; baseline -0.003 -9"><span class='ocrx_word' id='word_1_260' title='bbox 117 2049 245 2089; x_wconf 75' lang='lat' dir='ltr'><strong>confuse</strong></span> <span class='ocrx_word' id='word_1_261' title='bbox 272 2058 294 2080; x_wconf 94' lang='lat' dir='ltr'><strong>a</strong></span> <span class='ocrx_word' id='word_1_262' title='bbox 303 2052 344 2080; x_wconf 87' lang='lat' dir='ltr'><strong>ut</strong></span> <span class='ocrx_word' id='word_1_263' title='bbox 380 2049 566 2080; x_wconf 72' lang='lat' dir='ltr'><strong>tumultuose</strong></span> <span class='ocrx_word' id='word_1_264' title='bbox 600 2057 619 2079; x_wconf 88' lang='lat' dir='ltr'><strong>a</strong></span> <span class='ocrx_word' id='word_1_265' title='bbox 630 2050 669 2079; x_wconf 78' lang='lat' dir='ltr'><strong>ut</strong></span> <span class='ocrx_word' id='word_1_266' title='bbox 701 2050 734 2079; x_wconf 88' lang='lat' dir='ltr'><strong>ut</strong></span> <span class='ocrx_word' id='word_1_267' title='bbox 758 2048 818 2078; x_wconf 80' lang='lat' dir='ltr'><strong>ati-</strong></span> 
     </span>
     <span class='ocr_line' id='line_1_33' title="bbox 118 2093 818 2134; baseline -0.001 -10"><span class='ocrx_word' id='word_1_268' title='bbox 118 2094 199 2134; x_wconf 77' lang='lat' dir='ltr'><strong>quis.</strong></span> <span class='ocrx_word' id='word_1_269' title='bbox 246 2093 295 2124; x_wconf 82' lang='lat' dir='ltr'><strong>Ee</strong></span> <span class='ocrx_word' id='word_1_270' title='bbox 306 2105 353 2121; x_wconf 56' lang='grc' dir='ltr'><strong>επ</strong></span> <span class='ocrx_word' id='word_1_271' title='bbox 374 2102 390 2125; x_wconf 92' lang='lat' dir='ltr'><strong>e</strong></span> <span class='ocrx_word' id='word_1_272' title='bbox 399 2103 441 2125; x_wconf 84' lang='lat' dir='ltr'><strong>os</strong></span> <span class='ocrx_word' id='word_1_273' title='bbox 467 2093 558 2134; x_wconf 65' lang='lat' dir='ltr'><strong>[sm]</strong></span> <span class='ocrx_word' id='word_1_274' title='bbox 583 2093 688 2124; x_wconf 83' lang='lat' dir='ltr'><strong>causis</strong></span> <span class='ocrx_word' id='word_1_275' title='bbox 710 2093 818 2123; x_wconf 82' lang='lat' dir='ltr'><strong>turbu-</strong></span> 
     </span>
     <span class='ocr_line' id='line_1_34' title="bbox 118 2136 816 2176; baseline -0.006 -6"><span class='ocrx_word' id='word_1_276' title='bbox 118 2139 208 2170; x_wconf 77' lang='lat' dir='ltr'><strong>lentis</strong></span> <span class='ocrx_word' id='word_1_277' title='bbox 239 2140 269 2170; x_wconf 79' lang='lat' dir='ltr'><strong>et</strong></span> <span class='ocrx_word' id='word_1_278' title='bbox 300 2140 352 2171; x_wconf 78' lang='lat' dir='ltr'><strong>inc</strong></span> <span class='ocrx_word' id='word_1_279' title='bbox 363 2148 384 2169; x_wconf 91' lang='lat' dir='ltr'><strong>u</strong></span> <span class='ocrx_word' id='word_1_280' title='bbox 393 2148 415 2170; x_wconf 84' lang='lat' dir='ltr'><strong>n</strong></span> <span class='ocrx_word' id='word_1_281' title='bbox 425 2139 607 2170; x_wconf 75' lang='lat' dir='ltr'><strong>stantibus.</strong></span> <span class='ocrx_word' id='word_1_282' title='bbox 665 2136 694 2167; x_wconf 91' lang='lat' dir='ltr'>G</span> <span class='ocrx_word' id='word_1_283' title='bbox 710 2138 742 2176; x_wconf 89' lang='lat' dir='ltr'><strong>(s</strong></span> <span class='ocrx_word' id='word_1_284' title='bbox 759 2136 816 2176; x_wconf 73' lang='grc' dir='ltr'><strong>ω)</strong></span> 
     </span>
     <span class='ocr_line' id='line_1_35' title="bbox 118 2182 818 2226; baseline 0 -12"><span class='ocrx_word' id='word_1_285' title='bbox 118 2183 224 2215; x_wconf 78' lang='lat' dir='ltr'><strong>—isti</strong></span> <span class='ocrx_word' id='word_1_286' title='bbox 237 2189 316 2226; x_wconf 81' lang='lat' dir='ltr'><strong>post</strong></span> <span class='ocrx_word' id='word_1_287' title='bbox 337 2183 475 2216; x_wconf 87' lang='lat' dir='ltr'><strong>vertices.</strong></span> <span class='ocrx_word' id='word_1_288' title='bbox 523 2182 554 2214; x_wconf 89' lang='lat' dir='ltr'>G</span> <span class='ocrx_word' id='word_1_289' title='bbox 567 2183 694 2223; x_wconf 66' lang='lat' dir='ltr'><strong>(cnm)</strong></span> <span class='ocrx_word' id='word_1_290' title='bbox 705 2195 752 2209; x_wconf 93' lang='lat'>=</span> <span class='ocrx_word' id='word_1_291' title='bbox 763 2190 818 2214; x_wconf 80' lang='lat' dir='ltr'><strong>ex-</strong></span> 
     </span>
     <span class='ocr_line' id='line_1_36' title="bbox 115 2227 436 2270; baseline -0.006 -10"><span class='ocrx_word' id='word_1_292' title='bbox 115 2227 251 2270; x_wconf 77' lang='lat' dir='ltr'><strong>primere</strong></span> <span class='ocrx_word' id='word_1_293' title='bbox 270 2237 345 2269; x_wconf 80' lang='lat' dir='ltr'><strong>poss</strong></span> <span class='ocrx_word' id='word_1_294' title='bbox 352 2238 374 2259; x_wconf 87' lang='lat' dir='ltr'><strong>u</strong></span> <span class='ocrx_word' id='word_1_295' title='bbox 384 2238 405 2259; x_wconf 88' lang='lat' dir='ltr'><em>n</em></span> <span class='ocrx_word' id='word_1_296' title='bbox 413 2230 436 2259; x_wconf 81' lang='lat' dir='ltr'><strong>t.</strong></span> 
     </span>
    </p>

    <p class='ocr_par' dir='ltr' id='par_1_8' title="bbox 117 2272 822 2669">
     <span class='ocr_line' id='line_1_37' title="bbox 161 2272 820 2313; baseline -0.005 -7"><span class='ocrx_word' id='word_1_297' title='bbox 161 2281 226 2311; x_wconf 79' lang='grc' dir='ltr'>ποιι</span> <span class='ocrx_word' id='word_1_298' title='bbox 246 2275 351 2306; x_wconf 81' lang='lat' dir='ltr'><strong>tamen</strong></span> <span class='ocrx_word' id='word_1_299' title='bbox 372 2280 472 2313; x_wconf 81' lang='lat' dir='ltr'><strong>supra</strong></span> <span class='ocrx_word' id='word_1_300' title='bbox 485 2272 595 2304; x_wconf 84' lang='lat' dir='ltr'><strong>lunam</strong></span> <span class='ocrx_word' id='word_1_301' title='bbox 610 2272 820 2312; x_wconf 74' lang='lat' dir='ltr'><strong>efferrentur</strong></span> 
     </span>
     <span class='ocr_line' id='line_1_38' title="bbox 117 2315 820 2350; baseline -0.004 -1"><span class='ocrx_word' id='word_1_302' title='bbox 117 2316 234 2349; x_wconf 81' lang='lat' dir='ltr'><strong>=Ee.</strong></span> <span class='ocrx_word' id='word_1_303' title='bbox 302 2317 361 2349; x_wconf 89' lang='lat' dir='ltr'><strong>BG</strong></span> <span class='ocrx_word' id='word_1_304' title='bbox 375 2315 435 2348; x_wconf 85' lang='lat' dir='ltr'><strong>P3.</strong></span> <span class='ocrx_word' id='word_1_305' title='bbox 452 2315 523 2348; x_wconf 89' lang='lat' dir='ltr'><strong>col.</strong></span> <span class='ocrx_word' id='word_1_306' title='bbox 540 2316 820 2350; x_wconf 53' lang='lat' dir='ltr'><strong>38...51*=non</strong></span> 
     </span>
     <span class='ocr_line' id='line_1_39' title="bbox 118 2361 820 2404; baseline -0.006 -10"><span class='ocrx_word' id='word_1_307' title='bbox 118 2365 223 2394; x_wconf 77' lang='lat' dir='ltr'><strong>tamen</strong></span> <span class='ocrx_word' id='word_1_308' title='bbox 249 2361 364 2404; x_wconf 57' lang='lat' dir='ltr'><strong>[ssssl.</strong></span> <span class='ocrx_word' id='word_1_309' title='bbox 377 2375 424 2388; x_wconf 87' lang='lat'><strong>=</strong></span> <span class='ocrx_word' id='word_1_310' title='bbox 444 2364 485 2392; x_wconf 78' lang='lat' dir='ltr'><strong>ta</strong></span> <span class='ocrx_word' id='word_1_311' title='bbox 494 2371 515 2392; x_wconf 86' lang='lat' dir='ltr'><strong><em>n</em></strong></span> <span class='ocrx_word' id='word_1_312' title='bbox 525 2363 536 2391; x_wconf 80' lang='lat' dir='ltr'><strong>t</strong></span> <span class='ocrx_word' id='word_1_313' title='bbox 546 2370 568 2391; x_wconf 89' lang='grc' dir='ltr'><strong>ιι</strong></span> <span class='ocrx_word' id='word_1_314' title='bbox 578 2361 624 2402; x_wconf 89' lang='lat' dir='ltr'><strong>m]</strong></span> <span class='ocrx_word' id='word_1_315' title='bbox 650 2370 748 2400; x_wconf 83' lang='lat' dir='ltr'><strong>supra</strong></span> <span class='ocrx_word' id='word_1_316' title='bbox 772 2361 820 2390; x_wconf 86' lang='lat' dir='ltr'><strong>tu-</strong></span> 
     </span>
     <span class='ocr_line' id='line_1_40' title="bbox 118 2403 821 2447; baseline -0.007 -8"><span class='ocrx_word' id='word_1_317' title='bbox 118 2415 196 2439; x_wconf 81' lang='lat' dir='ltr'><strong>nam</strong></span> <span class='ocrx_word' id='word_1_318' title='bbox 229 2407 417 2447; x_wconf 77' lang='lat' dir='ltr'><strong>efferrent.</strong></span> <span class='ocrx_word' id='word_1_319' title='bbox 464 2403 525 2436; x_wconf 77' lang='lat'><strong>1²4.</strong></span> <span class='ocrx_word' id='word_1_320' title='bbox 547 2418 594 2432; x_wconf 91' lang='lat'><strong><em>=</em></strong></span> <span class='ocrx_word' id='word_1_321' title='bbox 618 2414 681 2436; x_wconf 80' lang='lat' dir='ltr'><strong>non</strong></span> <span class='ocrx_word' id='word_1_322' title='bbox 714 2412 821 2443; x_wconf 86' lang='lat' dir='ltr'><strong>super</strong></span> 
     </span>
     <span class='ocr_line' id='line_1_41' title="bbox 118 2447 821 2492; baseline -0.006 -9"><span class='ocrx_word' id='word_1_323' title='bbox 118 2451 230 2483; x_wconf 69' lang='lat' dir='ltr'><strong>lunum</strong></span> <span class='ocrx_word' id='word_1_324' title='bbox 252 2451 346 2492; x_wconf 75' lang='lat' dir='ltr'><strong>effer</strong></span> <span class='ocrx_word' id='word_1_325' title='bbox 356 2460 372 2482; x_wconf 86' lang='lat' dir='ltr'><strong>c</strong></span> <span class='ocrx_word' id='word_1_326' title='bbox 382 2453 433 2482; x_wconf 80' lang='lat' dir='ltr'><strong>nt.</strong></span> <span class='ocrx_word' id='word_1_327' title='bbox 469 2447 561 2480; x_wconf 90' lang='lat' dir='ltr'><strong>Pinc.</strong></span> <span class='ocrx_word' id='word_1_328' title='bbox 579 2448 618 2480; x_wconf 89' lang='lat' dir='ltr'><strong>ci.</strong></span> <span class='ocrx_word' id='word_1_329' title='bbox 632 2462 678 2476; x_wconf 87' lang='lat'><strong>==</strong></span> <span class='ocrx_word' id='word_1_330' title='bbox 689 2459 751 2480; x_wconf 81' lang='lat' dir='ltr'><strong>non</strong></span> <span class='ocrx_word' id='word_1_331' title='bbox 772 2451 821 2479; x_wconf 87' lang='lat' dir='ltr'><strong>ta-</strong></span> 
     </span>
     <span class='ocr_line' id='line_1_42' title="bbox 120 2493 821 2536; baseline -0.004 -8"><span class='ocrx_word' id='word_1_332' title='bbox 120 2505 191 2528; x_wconf 79' lang='lat' dir='ltr'><strong>men</strong></span> <span class='ocrx_word' id='word_1_333' title='bbox 212 2504 311 2536; x_wconf 82' lang='lat' dir='ltr'><strong>supra</strong></span> <span class='ocrx_word' id='word_1_334' title='bbox 334 2495 500 2527; x_wconf 79' lang='lat' dir='ltr'><strong>lumina</strong></span> <span class='ocrx_word' id='word_1_335' title='bbox 522 2495 708 2534; x_wconf 72' lang='lat' dir='ltr'><strong>efferrent.</strong></span> <span class='ocrx_word' id='word_1_336' title='bbox 735 2493 821 2525; x_wconf 87' lang='lat' dir='ltr'><strong>G=</strong></span> 
     </span>
     <span class='ocr_line' id='line_1_43' title="bbox 121 2538 822 2581; baseline -0.004 -9"><span class='ocrx_word' id='word_1_337' title='bbox 121 2549 218 2581; x_wconf 83' lang='lat' dir='ltr'><strong>usque</strong></span> <span class='ocrx_word' id='word_1_338' title='bbox 240 2542 275 2572; x_wconf 83' lang='lat' dir='ltr'><strong>in</strong></span> <span class='ocrx_word' id='word_1_339' title='bbox 289 2541 453 2572; x_wconf 82' lang='lat' dir='ltr'><strong>nubium.</strong></span> <span class='ocrx_word' id='word_1_340' title='bbox 492 2538 518 2569; x_wconf 93' lang='lat' dir='ltr'>B</span> <span class='ocrx_word' id='word_1_341' title='bbox 527 2553 573 2566; x_wconf 91' lang='lat'>=</span> <span class='ocrx_word' id='word_1_342' title='bbox 589 2540 691 2571; x_wconf 83' lang='lat' dir='ltr'><strong>Come!</strong></span> <span class='ocrx_word' id='word_1_343' title='bbox 702 2547 717 2570; x_wconf 90' lang='lat' dir='ltr'><strong>e</strong></span> <span class='ocrx_word' id='word_1_344' title='bbox 727 2547 742 2570; x_wconf 93' lang='lat' dir='ltr'><strong>s</strong></span> <span class='ocrx_word' id='word_1_345' title='bbox 763 2547 822 2569; x_wconf 83' lang='lat' dir='ltr'><strong>uu-</strong></span> 
     </span>
     <span class='ocr_line' id='line_1_44' title="bbox 121 2584 822 2624; baseline -0.006 -6"><span class='ocrx_word' id='word_1_346' title='bbox 121 2589 192 2618; x_wconf 91' lang='lat' dir='ltr'><strong>tem.</strong></span> <span class='ocrx_word' id='word_1_347' title='bbox 240 2585 267 2616; x_wconf 90' lang='lat' dir='ltr'><strong>B</strong></span> <span class='ocrx_word' id='word_1_348' title='bbox 286 2599 334 2613; x_wconf 88' lang='lat'><strong>=.-</strong></span> <span class='ocrx_word' id='word_1_349' title='bbox 355 2585 492 2616; x_wconf 76' lang='lat' dir='ltr'><strong>turbine</strong></span> <span class='ocrx_word' id='word_1_350' title='bbox 522 2593 597 2624; x_wconf 83' lang='lat' dir='ltr'><strong>per</strong></span> <span class='ocrx_word' id='word_1_351' title='bbox 631 2584 739 2624; x_wconf 83' lang='lat' dir='ltr'><strong>quod</strong></span> <span class='ocrx_word' id='word_1_352' title='bbox 762 2591 822 2623; x_wconf 83' lang='lat' dir='ltr'><strong>quo</strong></span> 
     </span>
     <span class='ocr_line' id='line_1_45' title="bbox 121 2629 713 2669; baseline -0.005 -6"><span class='ocrx_word' id='word_1_353' title='bbox 121 2631 278 2663; x_wconf 84' lang='lat' dir='ltr'><strong>maturius</strong></span> <span class='ocrx_word' id='word_1_354' title='bbox 299 2631 403 2663; x_wconf 81' lang='lat' dir='ltr'><strong>maior</strong></span> <span class='ocrx_word' id='word_1_355' title='bbox 425 2631 468 2661; x_wconf 80' lang='lat' dir='ltr'><strong>est</strong></span> <span class='ocrx_word' id='word_1_356' title='bbox 492 2629 713 2669; x_wconf 81' lang='lat' dir='ltr'><strong>corrumpitur.</strong></span> 
     </span>
    </p>
   </div>
   <div class='ocr_carea' id='block_1_7' title="bbox 393 2706 560 2750">
    <p class='ocr_par' dir='ltr' id='par_1_9' title="bbox 393 2706 560 2750">
     <span class='ocr_line' id='line_1_46' title="bbox 393 2706 560 2750; baseline -0.006 -11"><span class='ocrx_word' id='word_1_357' title='bbox 393 2706 473 2750; x_wconf 78' lang='lat' dir='ltr'><strong>Cap.</strong></span> <span class='ocrx_word' id='word_1_358' title='bbox 498 2707 560 2739; x_wconf 86' lang='lat' dir='ltr'><strong>lx.</strong></span> 
     </span>
    </p>
   </div>
   <div class='ocr_carea' id='block_1_8' title="bbox 127 2762 824 2852">
    <p class='ocr_par' dir='ltr' id='par_1_10' title="bbox 127 2762 824 2852">
     <span class='ocr_line' id='line_1_47' title="bbox 167 2762 824 2804; baseline -0.009 -4"><span class='ocrx_word' id='word_1_359' title='bbox 167 2765 200 2800; x_wconf 64' lang='grc' dir='ltr'><strong><em>Β</em></strong></span> <span class='ocrx_word' id='word_1_360' title='bbox 224 2778 270 2792; x_wconf 79' lang='lat'><strong>==</strong></span> <span class='ocrx_word' id='word_1_361' title='bbox 295 2765 467 2796; x_wconf 84' lang='lat' dir='ltr'><strong>Utrolibet</strong></span> <span class='ocrx_word' id='word_1_362' title='bbox 491 2765 555 2795; x_wconf 81' lang='lat' dir='ltr'><strong>ita</strong></span> <span class='ocrx_word' id='word_1_363' title='bbox 578 2764 684 2804; x_wconf 69' lang='lat' dir='ltr'><strong>eligat.</strong></span> <span class='ocrx_word' id='word_1_364' title='bbox 732 2762 756 2794; x_wconf 85' lang='grc' dir='ltr'><strong>Β</strong></span> <span class='ocrx_word' id='word_1_365' title='bbox 778 2776 824 2790; x_wconf 91' lang='lat'>=</span> 
     </span>
     <span class='ocr_line' id='line_1_48' title="bbox 127 2809 597 2852; baseline -0.011 -8"><span class='ocrx_word' id='word_1_366' title='bbox 127 2811 308 2852; x_wconf 71' lang='lat' dir='ltr'><strong>Utrumlibet</strong></span> <span class='ocrx_word' id='word_1_367' title='bbox 330 2810 471 2851; x_wconf 76' lang='lat' dir='ltr'><strong>iyitur</strong></span> <span class='ocrx_word' id='word_1_368' title='bbox 493 2809 597 2848; x_wconf 69' lang='lat' dir='ltr'><strong>eligat.</strong></span> 
     </span>
    </p>
   </div>
   <div class='ocr_carea' id='block_1_9' title="bbox 859 1511 1571 2847">
    <p class='ocr_par' dir='ltr' id='par_1_11' title="bbox 859 1511 1566 2447">
     <span class='ocr_line' id='line_1_49' title="bbox 908 1511 1564 1553; baseline 0.006 -11"><span class='ocrx_word' id='word_1_369' title='bbox 908 1513 964 1543; x_wconf 82' lang='lat' dir='ltr'><strong>aut</strong></span> <span class='ocrx_word' id='word_1_370' title='bbox 987 1511 1063 1542; x_wconf 86' lang='lat' dir='ltr'><strong>levis</strong></span> <span class='ocrx_word' id='word_1_371' title='bbox 1082 1511 1130 1542; x_wconf 88' lang='lat' dir='ltr'><strong>vis</strong></span> <span class='ocrx_word' id='word_1_372' title='bbox 1152 1519 1196 1542; x_wconf 83' lang='lat' dir='ltr'><strong>eo</strong></span> <span class='ocrx_word' id='word_1_373' title='bbox 1215 1512 1377 1551; x_wconf 80' lang='lat' dir='ltr'><strong>pervenire</strong></span> <span class='ocrx_word' id='word_1_374' title='bbox 1398 1522 1460 1545; x_wconf 85' lang='lat' dir='ltr'><strong>non</strong></span> <span class='ocrx_word' id='word_1_375' title='bbox 1477 1516 1564 1553; x_wconf 84' lang='lat' dir='ltr'><strong>pote·</strong></span> 
     </span>
     <span class='ocr_line' id='line_1_50' title="bbox 861 1554 1564 1589; baseline 0 -2"><span class='ocrx_word' id='word_1_376' title='bbox 861 1557 911 1587; x_wconf 78' lang='lat' dir='ltr'><strong>rit.</strong></span> <span class='ocrx_word' id='word_1_377' title='bbox 960 1556 1009 1587; x_wconf 83' lang='lat' dir='ltr'><strong>Ita</strong></span> <span class='ocrx_word' id='word_1_378' title='bbox 1030 1554 1242 1587; x_wconf 87' lang='lat' dir='ltr'><strong>scribendum</strong></span> <span class='ocrx_word' id='word_1_379' title='bbox 1265 1554 1408 1588; x_wconf 85' lang='lat' dir='ltr'><strong>videtur.</strong></span> <span class='ocrx_word' id='word_1_380' title='bbox 1455 1558 1564 1589; x_wconf 68' lang='lat' dir='ltr'><strong>Ee=</strong></span> 
     </span>
     <span class='ocr_line' id='line_1_51' title="bbox 863 1601 1562 1642; baseline 0.006 -11"><span class='ocrx_word' id='word_1_381' title='bbox 863 1603 918 1631; x_wconf 85' lang='lat' dir='ltr'><strong>aut</strong></span> <span class='ocrx_word' id='word_1_382' title='bbox 941 1601 1017 1633; x_wconf 80' lang='lat' dir='ltr'><strong>levis</strong></span> <span class='ocrx_word' id='word_1_383' title='bbox 1038 1602 1087 1632; x_wconf 85' lang='lat' dir='ltr'><strong>vis</strong></span> <span class='ocrx_word' id='word_1_384' title='bbox 1110 1603 1148 1632; x_wconf 86' lang='lat' dir='ltr'><strong>et</strong></span> <span class='ocrx_word' id='word_1_385' title='bbox 1175 1602 1335 1640; x_wconf 80' lang='lat' dir='ltr'><strong>pervenire</strong></span> <span class='ocrx_word' id='word_1_386' title='bbox 1357 1611 1420 1633; x_wconf 83' lang='lat' dir='ltr'><strong>non</strong></span> <span class='ocrx_word' id='word_1_387' title='bbox 1437 1605 1562 1642; x_wconf 78' lang='lat' dir='ltr'><strong>poterit.</strong></span> 
     </span>
     <span class='ocr_line' id='line_1_52' title="bbox 864 1645 1563 1686; baseline 0.004 -10"><span class='ocrx_word' id='word_1_388' title='bbox 864 1645 888 1676; x_wconf 86' lang='lat' dir='ltr'>B</span> <span class='ocrx_word' id='word_1_389' title='bbox 904 1659 949 1672; x_wconf 89' lang='lat'>=</span> <span class='ocrx_word' id='word_1_390' title='bbox 971 1648 1026 1675; x_wconf 81' lang='lat' dir='ltr'><strong>aut</strong></span> <span class='ocrx_word' id='word_1_391' title='bbox 1047 1647 1096 1677; x_wconf 82' lang='lat' dir='ltr'><strong>vis</strong></span> <span class='ocrx_word' id='word_1_392' title='bbox 1118 1646 1194 1676; x_wconf 87' lang='lat' dir='ltr'><strong>levis</strong></span> <span class='ocrx_word' id='word_1_393' title='bbox 1216 1648 1381 1677; x_wconf 78' lang='lat' dir='ltr'><strong>tautum</strong></span> <span class='ocrx_word' id='word_1_394' title='bbox 1400 1649 1563 1686; x_wconf 78' lang='lat' dir='ltr'><strong>pervenire</strong></span> 
     </span>
     <span class='ocr_line' id='line_1_53' title="bbox 861 1689 1559 1729; baseline 0.004 -8"><span class='ocrx_word' id='word_1_395' title='bbox 861 1699 924 1721; x_wconf 81' lang='lat' dir='ltr'><strong>non</strong></span> <span class='ocrx_word' id='word_1_396' title='bbox 945 1691 1065 1729; x_wconf 81' lang='lat' dir='ltr'><strong>poterit.</strong></span> <span class='ocrx_word' id='word_1_397' title='bbox 1112 1689 1143 1720; x_wconf 90' lang='lat' dir='ltr'>G</span> <span class='ocrx_word' id='word_1_398' title='bbox 1162 1704 1208 1716; x_wconf 95' lang='lat'><strong><em>=</em></strong></span> <span class='ocrx_word' id='word_1_399' title='bbox 1230 1692 1286 1721; x_wconf 83' lang='lat' dir='ltr'><strong>aut</strong></span> <span class='ocrx_word' id='word_1_400' title='bbox 1308 1692 1357 1722; x_wconf 86' lang='lat' dir='ltr'><strong>vis</strong></span> <span class='ocrx_word' id='word_1_401' title='bbox 1377 1692 1471 1722; x_wconf 82' lang='lat' dir='ltr'><strong>lenis</strong></span> <span class='ocrx_word' id='word_1_402' title='bbox 1491 1693 1559 1724; x_wconf 83' lang='lat' dir='ltr'><strong>in-</strong></span> 
     </span>
     <span class='ocr_line' id='line_1_54' title="bbox 862 1733 1563 1774; baseline 0.004 -8"><span class='ocrx_word' id='word_1_403' title='bbox 862 1735 910 1766; x_wconf 85' lang='lat' dir='ltr'><strong>de</strong></span> <span class='ocrx_word' id='word_1_404' title='bbox 932 1736 1095 1774; x_wconf 77' lang='lat' dir='ltr'><strong>pervenire</strong></span> <span class='ocrx_word' id='word_1_405' title='bbox 1115 1744 1178 1767; x_wconf 79' lang='lat' dir='ltr'><strong>non</strong></span> <span class='ocrx_word' id='word_1_406' title='bbox 1198 1736 1320 1774; x_wconf 82' lang='lat' dir='ltr'><strong>poterit.</strong></span> <span class='ocrx_word' id='word_1_407' title='bbox 1366 1733 1424 1767; x_wconf 84' lang='lat' dir='ltr'><strong>P3.</strong></span> <span class='ocrx_word' id='word_1_408' title='bbox 1437 1749 1484 1764; x_wconf 84' lang='lat'>=</span> <span class='ocrx_word' id='word_1_409' title='bbox 1505 1738 1563 1769; x_wconf 78' lang='lat' dir='ltr'><strong>aut</strong></span> 
     </span>
     <span class='ocr_line' id='line_1_55' title="bbox 862 1777 1561 1819; baseline 0.003 -8"><span class='ocrx_word' id='word_1_410' title='bbox 862 1781 937 1811; x_wconf 82' lang='lat' dir='ltr'><strong>levis</strong></span> <span class='ocrx_word' id='word_1_411' title='bbox 960 1781 1008 1811; x_wconf 83' lang='lat' dir='ltr'><strong>vis</strong></span> <span class='ocrx_word' id='word_1_412' title='bbox 1032 1781 1084 1810; x_wconf 76' lang='grc' dir='ltr'>ιἰΐι</span> <span class='ocrx_word' id='word_1_413' title='bbox 1098 1780 1259 1819; x_wconf 82' lang='lat' dir='ltr'><strong>pervenire</strong></span> <span class='ocrx_word' id='word_1_414' title='bbox 1281 1788 1343 1810; x_wconf 82' lang='lat' dir='ltr'><strong>non</strong></span> <span class='ocrx_word' id='word_1_415' title='bbox 1354 1783 1477 1819; x_wconf 77' lang='lat' dir='ltr'><strong>poterit.</strong></span> <span class='ocrx_word' id='word_1_416' title='bbox 1498 1777 1561 1813; x_wconf 83' lang='lat' dir='ltr'><strong>P4.</strong></span> 
     </span>
     <span class='ocr_line' id='line_1_56' title="bbox 862 1825 1563 1863; baseline 0.004 -8"><span class='ocrx_word' id='word_1_417' title='bbox 862 1839 908 1851; x_wconf 89' lang='lat'><strong><em>=</em></strong></span> <span class='ocrx_word' id='word_1_418' title='bbox 931 1827 985 1855; x_wconf 87' lang='lat' dir='ltr'><strong>aut</strong></span> <span class='ocrx_word' id='word_1_419' title='bbox 1007 1826 1055 1855; x_wconf 83' lang='lat' dir='ltr'><strong>vis</strong></span> <span class='ocrx_word' id='word_1_420' title='bbox 1078 1825 1170 1856; x_wconf 82' lang='lat' dir='ltr'><strong>lenis</strong></span> <span class='ocrx_word' id='word_1_421' title='bbox 1201 1833 1290 1855; x_wconf 89' lang='lat' dir='ltr'><strong>cum</strong></span> <span class='ocrx_word' id='word_1_422' title='bbox 1316 1827 1478 1863; x_wconf 82' lang='lat' dir='ltr'><strong>pervenire</strong></span> <span class='ocrx_word' id='word_1_423' title='bbox 1498 1835 1563 1858; x_wconf 81' lang='lat' dir='ltr'><strong>non</strong></span> 
     </span>
     <span class='ocr_line' id='line_1_57' title="bbox 860 1867 1562 1909; baseline 0.004 -9"><span class='ocrx_word' id='word_1_424' title='bbox 860 1871 981 1909; x_wconf 79' lang='lat' dir='ltr'><strong>poterit.</strong></span> <span class='ocrx_word' id='word_1_425' title='bbox 1031 1867 1102 1900; x_wconf 90' lang='lat' dir='ltr'><strong>Col.</strong></span> <span class='ocrx_word' id='word_1_426' title='bbox 1123 1883 1169 1896; x_wconf 94' lang='lat'>=</span> <span class='ocrx_word' id='word_1_427' title='bbox 1190 1871 1246 1899; x_wconf 82' lang='lat' dir='ltr'><strong>aut</strong></span> <span class='ocrx_word' id='word_1_428' title='bbox 1277 1870 1327 1900; x_wconf 79' lang='lat' dir='ltr'><strong>vis</strong></span> <span class='ocrx_word' id='word_1_429' title='bbox 1355 1870 1431 1902; x_wconf 89' lang='lat' dir='ltr'><strong>levis</strong></span> <span class='ocrx_word' id='word_1_430' title='bbox 1462 1871 1562 1903; x_wconf 84' lang='lat' dir='ltr'><strong>inde</strong></span> 
     </span>
     <span class='ocr_line' id='line_1_58' title="bbox 861 1913 1562 1954; baseline -0.004 -8"><span class='ocrx_word' id='word_1_431' title='bbox 861 1915 1022 1954; x_wconf 79' lang='lat' dir='ltr'><strong>pervenire</strong></span> <span class='ocrx_word' id='word_1_432' title='bbox 1045 1923 1107 1945; x_wconf 83' lang='lat' dir='ltr'><strong>non</strong></span> <span class='ocrx_word' id='word_1_433' title='bbox 1126 1915 1277 1954; x_wconf 83' lang='lat' dir='ltr'><strong>poterat.</strong></span> <span class='ocrx_word' id='word_1_434' title='bbox 1325 1913 1422 1946; x_wconf 89' lang='lat' dir='ltr'><strong>Grut.</strong></span> <span class='ocrx_word' id='word_1_435' title='bbox 1451 1914 1491 1947; x_wconf 84' lang='lat' dir='ltr'><strong>ci.</strong></span> <span class='ocrx_word' id='word_1_436' title='bbox 1515 1928 1562 1943; x_wconf 75' lang='lat'><strong>==</strong></span> 
     </span>
     <span class='ocr_line' id='line_1_59' title="bbox 863 1960 1564 1998; baseline 0.003 -8"><span class='ocrx_word' id='word_1_437' title='bbox 863 1962 918 1990; x_wconf 83' lang='lat' dir='ltr'><strong>aut</strong></span> <span class='ocrx_word' id='word_1_438' title='bbox 940 1960 988 1990; x_wconf 84' lang='lat' dir='ltr'><strong>vis</strong></span> <span class='ocrx_word' id='word_1_439' title='bbox 1011 1960 1088 1990; x_wconf 80' lang='lat' dir='ltr'><strong>levis</strong></span> <span class='ocrx_word' id='word_1_440' title='bbox 1121 1967 1289 1991; x_wconf 85' lang='lat' dir='ltr'><strong>sursum</strong></span> <span class='ocrx_word' id='word_1_441' title='bbox 1317 1961 1478 1998; x_wconf 82' lang='lat' dir='ltr'><strong>pervenire</strong></span> <span class='ocrx_word' id='word_1_442' title='bbox 1500 1969 1564 1992; x_wconf 81' lang='lat' dir='ltr'><strong>non</strong></span> 
     </span>
     <span class='ocr_line' id='line_1_60' title="bbox 860 2004 1564 2044; baseline 0.001 -9"><span class='ocrx_word' id='word_1_443' title='bbox 860 2005 981 2044; x_wconf 79' lang='lat' dir='ltr'><strong>poterit.</strong></span> <span class='ocrx_word' id='word_1_444' title='bbox 1014 2005 1047 2038; x_wconf 66' lang='lat' dir='ltr'><strong>§B</strong></span> <span class='ocrx_word' id='word_1_445' title='bbox 1062 2004 1144 2038; x_wconf 57' lang='lat' dir='ltr'><strong>...G-⁶</strong></span> <span class='ocrx_word' id='word_1_446' title='bbox 1158 2005 1271 2034; x_wconf 79' lang='lat' dir='ltr'><strong>=aut</strong></span> <span class='ocrx_word' id='word_1_447' title='bbox 1293 2005 1342 2035; x_wconf 85' lang='lat' dir='ltr'><strong>vis</strong></span> <span class='ocrx_word' id='word_1_448' title='bbox 1364 2005 1440 2036; x_wconf 84' lang='lat' dir='ltr'><strong>levis</strong></span> <span class='ocrx_word' id='word_1_449' title='bbox 1462 2006 1564 2036; x_wconf 80' lang='lat' dir='ltr'><strong>inde</strong></span> 
     </span>
     <span class='ocr_line' id='line_1_61' title="bbox 859 2047 1565 2089; baseline 0.001 -10"><span class='ocrx_word' id='word_1_450' title='bbox 859 2049 1021 2089; x_wconf 76' lang='lat' dir='ltr'><strong>pervenire</strong></span> <span class='ocrx_word' id='word_1_451' title='bbox 1043 2058 1105 2079; x_wconf 81' lang='lat' dir='ltr'><strong>non</strong></span> <span class='ocrx_word' id='word_1_452' title='bbox 1124 2049 1247 2088; x_wconf 83' lang='lat' dir='ltr'><strong>poterit.</strong></span> <span class='ocrx_word' id='word_1_453' title='bbox 1293 2047 1338 2081; x_wconf 63' lang='lat' dir='ltr'><strong>§m</strong></span> <span class='ocrx_word' id='word_1_454' title='bbox 1351 2070 1390 2083; x_wconf 55' lang='grc' dir='ltr'><strong>Ν.</strong></span> <span class='ocrx_word' id='word_1_455' title='bbox 1401 2048 1435 2083; x_wconf 60' lang='lat' dir='ltr'><strong>«R</strong></span> <span class='ocrx_word' id='word_1_456' title='bbox 1447 2063 1493 2077; x_wconf 95' lang='lat'><strong><em>=</em></strong></span> <span class='ocrx_word' id='word_1_457' title='bbox 1507 2051 1565 2080; x_wconf 80' lang='lat' dir='ltr'><strong>aut</strong></span> 
     </span>
     <span class='ocr_line' id='line_1_62' title="bbox 860 2093 1564 2133; baseline 0 -8"><span class='ocrx_word' id='word_1_458' title='bbox 860 2095 909 2125; x_wconf 84' lang='lat' dir='ltr'><strong>vis</strong></span> <span class='ocrx_word' id='word_1_459' title='bbox 932 2094 1008 2124; x_wconf 84' lang='lat' dir='ltr'><strong>levis</strong></span> <span class='ocrx_word' id='word_1_460' title='bbox 1030 2095 1114 2124; x_wconf 87' lang='lat' dir='ltr'><strong>tam</strong></span> <span class='ocrx_word' id='word_1_461' title='bbox 1136 2093 1225 2123; x_wconf 83' lang='lat' dir='ltr'><strong>alte</strong></span> <span class='ocrx_word' id='word_1_462' title='bbox 1244 2094 1406 2131; x_wconf 77' lang='lat' dir='ltr'><strong>peruenire</strong></span> <span class='ocrx_word' id='word_1_463' title='bbox 1424 2103 1486 2126; x_wconf 84' lang='lat' dir='ltr'><strong>non</strong></span> <span class='ocrx_word' id='word_1_464' title='bbox 1503 2103 1564 2133; x_wconf 81' lang='lat' dir='ltr'><strong>po-</strong></span> 
     </span>
     <span class='ocr_line' id='line_1_63' title="bbox 860 2137 1564 2177; baseline -0.004 -8"><span class='ocrx_word' id='word_1_465' title='bbox 860 2140 938 2169; x_wconf 82' lang='lat' dir='ltr'><strong>terit.</strong></span> <span class='ocrx_word' id='word_1_466' title='bbox 988 2137 1115 2177; x_wconf 68' lang='lat' dir='ltr'><strong>G(s&lt;x&gt;)</strong></span> <span class='ocrx_word' id='word_1_467' title='bbox 1129 2138 1258 2167; x_wconf 79' lang='lat' dir='ltr'><strong>=aut</strong></span> <span class='ocrx_word' id='word_1_468' title='bbox 1279 2138 1444 2168; x_wconf 84' lang='lat' dir='ltr'><strong>concitata.</strong></span> <span class='ocrx_word' id='word_1_469' title='bbox 1481 2139 1564 2169; x_wconf 76' lang='lat' dir='ltr'><strong>B==</strong></span> 
     </span>
     <span class='ocr_line' id='line_1_64' title="bbox 861 2181 1563 2222; baseline 0.003 -10"><span class='ocrx_word' id='word_1_470' title='bbox 861 2184 934 2222; x_wconf 81' lang='lat' dir='ltr'><strong>ipsa</strong></span> <span class='ocrx_word' id='word_1_471' title='bbox 958 2183 1049 2213; x_wconf 78' lang='lat' dir='ltr'><strong>citius</strong></span> <span class='ocrx_word' id='word_1_472' title='bbox 1071 2191 1102 2213; x_wconf 89' lang='lat' dir='ltr'><strong>se</strong></span> <span class='ocrx_word' id='word_1_473' title='bbox 1124 2183 1258 2222; x_wconf 69' lang='lat' dir='ltr'><strong>franget.</strong></span> <span class='ocrx_word' id='word_1_474' title='bbox 1304 2181 1438 2222; x_wconf 71' lang='lat' dir='ltr'><strong>E(soe)</strong></span> <span class='ocrx_word' id='word_1_475' title='bbox 1460 2199 1508 2206; x_wconf 89' lang='lat'><strong>—</strong></span> <span class='ocrx_word' id='word_1_476' title='bbox 1527 2185 1563 2214; x_wconf 77' lang='lat' dir='ltr'><strong>ut</strong></span> 
     </span>
     <span class='ocr_line' id='line_1_65' title="bbox 862 2227 1564 2266; baseline -0.004 -8"><span class='ocrx_word' id='word_1_477' title='bbox 862 2232 941 2258; x_wconf 82' lang='lat' dir='ltr'><strong>ante</strong></span> <span class='ocrx_word' id='word_1_478' title='bbox 963 2229 1087 2266; x_wconf 80' lang='lat' dir='ltr'><strong>putant.</strong></span> <span class='ocrx_word' id='word_1_479' title='bbox 1137 2227 1159 2257; x_wconf 87' lang='lat' dir='ltr'>B</span> <span class='ocrx_word' id='word_1_480' title='bbox 1182 2239 1229 2252; x_wconf 94' lang='lat'>=</span> <span class='ocrx_word' id='word_1_481' title='bbox 1246 2228 1280 2256; x_wconf 93' lang='lat' dir='ltr'><strong>ut</strong></span> <span class='ocrx_word' id='word_1_482' title='bbox 1302 2229 1421 2265; x_wconf 79' lang='lat' dir='ltr'><strong>putat.</strong></span> <span class='ocrx_word' id='word_1_483' title='bbox 1468 2227 1494 2257; x_wconf 93' lang='lat' dir='ltr'><strong>B</strong></span> <span class='ocrx_word' id='word_1_484' title='bbox 1516 2241 1564 2255; x_wconf 86' lang='lat'><strong>==</strong></span> 
     </span>
     <span class='ocr_line' id='line_1_66' title="bbox 861 2270 1566 2311; baseline -0.001 -8"><span class='ocrx_word' id='word_1_485' title='bbox 861 2273 896 2303; x_wconf 82' lang='lat' dir='ltr'><strong>in</strong></span> <span class='ocrx_word' id='word_1_486' title='bbox 915 2273 1117 2311; x_wconf 75' lang='lat' dir='ltr'><strong>proximum</strong></span> <span class='ocrx_word' id='word_1_487' title='bbox 1139 2273 1227 2302; x_wconf 84' lang='lat' dir='ltr'><strong>tenet.</strong></span> <span class='ocrx_word' id='word_1_488' title='bbox 1275 2271 1322 2301; x_wconf 84' lang='lat' dir='ltr'><strong>Ee</strong></span> <span class='ocrx_word' id='word_1_489' title='bbox 1335 2270 1435 2305; x_wconf 54' lang='lat'><strong>2351.</strong></span> <span class='ocrx_word' id='word_1_490' title='bbox 1455 2289 1502 2295; x_wconf 92' lang='lat'><strong>-—</strong></span> <span class='ocrx_word' id='word_1_491' title='bbox 1520 2275 1566 2304; x_wconf 85' lang='lat' dir='ltr'><strong>est</strong></span> 
     </span>
     <span class='ocr_line' id='line_1_67' title="bbox 863 2315 1566 2358; baseline 0.001 -11"><span class='ocrx_word' id='word_1_492' title='bbox 863 2322 943 2358; x_wconf 84' lang='lat' dir='ltr'><strong>post</strong></span> <span class='ocrx_word' id='word_1_493' title='bbox 963 2325 1096 2348; x_wconf 78' lang='lat' dir='ltr'><strong>necesse.</strong></span> <span class='ocrx_word' id='word_1_494' title='bbox 1142 2316 1168 2346; x_wconf 89' lang='lat' dir='ltr'>B</span> <span class='ocrx_word' id='word_1_495' title='bbox 1195 2318 1230 2351; x_wconf 71' lang='grc'><strong>-1-</strong></span> <span class='ocrx_word' id='word_1_496' title='bbox 1257 2315 1350 2354; x_wconf 79' lang='lat' dir='ltr'><strong>Atqui</strong></span> <span class='ocrx_word' id='word_1_497' title='bbox 1379 2324 1499 2347; x_wconf 81' lang='lat' dir='ltr'><strong>necesse</strong></span> <span class='ocrx_word' id='word_1_498' title='bbox 1520 2319 1566 2348; x_wconf 79' lang='lat' dir='ltr'><strong>est</strong></span> 
     </span>
     <span class='ocr_line' id='line_1_68' title="bbox 865 2359 1563 2403; baseline 0 -12"><span class='ocrx_word' id='word_1_499' title='bbox 865 2362 907 2391; x_wconf 83' lang='lat' dir='ltr'><strong>in</strong></span> <span class='ocrx_word' id='word_1_500' title='bbox 930 2361 978 2391; x_wconf 86' lang='lat' dir='ltr'><strong>his</strong></span> <span class='ocrx_word' id='word_1_501' title='bbox 1000 2359 1133 2391; x_wconf 84' lang='lat' dir='ltr'><strong>cometis.</strong></span> <span class='ocrx_word' id='word_1_502' title='bbox 1183 2359 1376 2398; x_wconf 83' lang='lat' dir='ltr'><strong>G=Atqui</strong></span> <span class='ocrx_word' id='word_1_503' title='bbox 1397 2369 1517 2391; x_wconf 83' lang='lat' dir='ltr'><strong>necesse</strong></span> <span class='ocrx_word' id='word_1_504' title='bbox 1532 2359 1563 2403; x_wconf 81' lang='lat' dir='ltr'><strong>[s</strong></span> 
     </span>
     <span class='ocr_line' id='line_1_69' title="bbox 864 2403 1178 2447; baseline -0.006 -11"><span class='ocrx_word' id='word_1_505' title='bbox 864 2403 912 2447; x_wconf 81' lang='lat' dir='ltr'><strong>in]</strong></span> <span class='ocrx_word' id='word_1_506' title='bbox 938 2406 1021 2436; x_wconf 76' lang='lat' dir='ltr'><strong>hiis</strong></span> <span class='ocrx_word' id='word_1_507' title='bbox 1044 2405 1178 2436; x_wconf 78' lang='lat' dir='ltr'><strong>cometis.</strong></span> 
     </span>
    </p>

    <p class='ocr_par' dir='ltr' id='par_1_12' title="bbox 865 2448 1570 2668">
     <span class='ocr_line' id='line_1_70' title="bbox 912 2448 1569 2487; baseline 0 -7"><span class='ocrx_word' id='word_1_508' title='bbox 912 2450 1178 2487; x_wconf 80' lang='lat' dir='ltr'><strong>diuturnioribus,</strong></span> <span class='ocrx_word' id='word_1_509' title='bbox 1223 2448 1400 2480; x_wconf 84' lang='lat' dir='ltr'><strong>celsioribus</strong></span> <span class='ocrx_word' id='word_1_510' title='bbox 1422 2462 1468 2475; x_wconf 89' lang='lat'>=</span> <span class='ocrx_word' id='word_1_511' title='bbox 1486 2448 1569 2480; x_wconf 83' lang='lat' dir='ltr'><strong>EeG</strong></span> 
     </span>
     <span class='ocr_line' id='line_1_71' title="bbox 869 2491 1570 2531; baseline 0.001 -7"><span class='ocrx_word' id='word_1_512' title='bbox 869 2493 927 2524; x_wconf 90' lang='lat' dir='ltr'><strong>Gr.</strong></span> <span class='ocrx_word' id='word_1_513' title='bbox 943 2491 1043 2528; x_wconf 65' lang='lat' dir='ltr'><strong>QOEI.</strong></span> <span class='ocrx_word' id='word_1_514' title='bbox 1107 2494 1132 2524; x_wconf 90' lang='lat' dir='ltr'>B</span> <span class='ocrx_word' id='word_1_515' title='bbox 1149 2498 1183 2531; x_wconf 80' lang='lat'>÷</span> <span class='ocrx_word' id='word_1_516' title='bbox 1201 2493 1447 2525; x_wconf 82' lang='lat' dir='ltr'><strong>diuturnioribus</strong></span> <span class='ocrx_word' id='word_1_517' title='bbox 1461 2494 1570 2525; x_wconf 87' lang='lat' dir='ltr'><strong>celsio-</strong></span> 
     </span>
     <span class='ocr_line' id='line_1_72' title="bbox 865 2536 1570 2578; baseline -0.001 -8"><span class='ocrx_word' id='word_1_518' title='bbox 865 2540 952 2570; x_wconf 90' lang='lat' dir='ltr'><strong>ribus</strong></span> <span class='ocrx_word' id='word_1_519' title='bbox 962 2547 980 2578; x_wconf 87' lang='lat' dir='ltr'>q</span> <span class='ocrx_word' id='word_1_520' title='bbox 991 2547 1012 2569; x_wconf 90' lang='lat' dir='ltr'><strong>u</strong></span> <span class='ocrx_word' id='word_1_521' title='bbox 1022 2547 1047 2570; x_wconf 90' lang='lat' dir='ltr'><strong>e.</strong></span> <span class='ocrx_word' id='word_1_522' title='bbox 1095 2536 1159 2573; x_wconf 58' lang='lat'><strong>(52.</strong></span> <span class='ocrx_word' id='word_1_523' title='bbox 1173 2560 1211 2573; x_wconf 66' lang='lat'><strong>..0</strong></span> <span class='ocrx_word' id='word_1_524' title='bbox 1224 2537 1257 2572; x_wconf 55' lang='lat'><strong>51*</strong></span> <span class='ocrx_word' id='word_1_525' title='bbox 1271 2540 1306 2575; x_wconf 68' lang='grc' dir='ltr'><strong>-ὶ-</strong></span> <span class='ocrx_word' id='word_1_526' title='bbox 1321 2538 1570 2570; x_wconf 81' lang='lat' dir='ltr'><strong>diuturnioribus</strong></span> 
     </span>
     <span class='ocr_line' id='line_1_73' title="bbox 867 2582 1570 2626; baseline -0.001 -11"><span class='ocrx_word' id='word_1_527' title='bbox 867 2586 902 2615; x_wconf 83' lang='lat' dir='ltr'><strong>et</strong></span> <span class='ocrx_word' id='word_1_528' title='bbox 936 2584 1124 2615; x_wconf 80' lang='lat' dir='ltr'><strong>celsioribus.</strong></span> <span class='ocrx_word' id='word_1_529' title='bbox 1170 2582 1329 2624; x_wconf 57' lang='grc' dir='ltr'><strong>(ἔφυεν)</strong></span> <span class='ocrx_word' id='word_1_530' title='bbox 1353 2601 1396 2606; x_wconf 92' lang='grc'><strong>-</strong></span> <span class='ocrx_word' id='word_1_531' title='bbox 1420 2584 1459 2615; x_wconf 82' lang='lat' dir='ltr'><strong>sit</strong></span> <span class='ocrx_word' id='word_1_532' title='bbox 1491 2586 1570 2626; x_wconf 81' lang='lat' dir='ltr'><strong>post</strong></span> 
     </span>
     <span class='ocr_line' id='line_1_74' title="bbox 867 2628 1477 2668; baseline -0.002 -9"><span class='ocrx_word' id='word_1_533' title='bbox 867 2630 1013 2660; x_wconf 80' lang='lat' dir='ltr'><strong>materia.</strong></span> <span class='ocrx_word' id='word_1_534' title='bbox 1062 2628 1223 2668; x_wconf 55' lang='lat' dir='ltr'><strong>G(cr.&lt;x&gt;)</strong></span> <span class='ocrx_word' id='word_1_535' title='bbox 1233 2642 1278 2655; x_wconf 91' lang='lat'><strong><em>=</em></strong></span> <span class='ocrx_word' id='word_1_536' title='bbox 1290 2630 1477 2667; x_wconf 79' lang='lat' dir='ltr'><strong>apparent.</strong></span> 
     </span>
    </p>

    <p class='ocr_par' dir='ltr' id='par_1_13' title="bbox 867 2672 1571 2847">
     <span class='ocr_line' id='line_1_75' title="bbox 915 2672 1571 2712; baseline 0.002 -9"><span class='ocrx_word' id='word_1_537' title='bbox 915 2672 947 2704; x_wconf 80' lang='lat'><strong>2.</strong></span> <span class='ocrx_word' id='word_1_538' title='bbox 983 2683 1044 2704; x_wconf 84' lang='lat' dir='ltr'><strong>non</strong></span> <span class='ocrx_word' id='word_1_539' title='bbox 1070 2682 1161 2712; x_wconf 83' lang='lat' dir='ltr'><strong>posse</strong></span> <span class='ocrx_word' id='word_1_540' title='bbox 1190 2675 1334 2705; x_wconf 85' lang='lat' dir='ltr'><strong>verticem</strong></span> <span class='ocrx_word' id='word_1_541' title='bbox 1357 2673 1414 2703; x_wconf 78' lang='lat' dir='ltr'><strong>diu</strong></span> <span class='ocrx_word' id='word_1_542' title='bbox 1442 2679 1571 2712; x_wconf 81' lang='lat' dir='ltr'><strong>perma-</strong></span> 
     </span>
     <span class='ocr_line' id='line_1_76' title="bbox 867 2716 1571 2752; baseline 0.001 -4"><span class='ocrx_word' id='word_1_543' title='bbox 867 2726 939 2750; x_wconf 80' lang='lat' dir='ltr'><strong>nere</strong></span> <span class='ocrx_word' id='word_1_544' title='bbox 951 2731 996 2744; x_wconf 94' lang='lat'><strong><em>=</em></strong></span> <span class='ocrx_word' id='word_1_545' title='bbox 1013 2718 1070 2748; x_wconf 86' lang='lat' dir='ltr'><strong>Ee.</strong></span> <span class='ocrx_word' id='word_1_546' title='bbox 1143 2718 1168 2748; x_wconf 86' lang='lat' dir='ltr'>B</span> <span class='ocrx_word' id='word_1_547' title='bbox 1181 2735 1221 2741; x_wconf 92' lang='lat'>—</span> <span class='ocrx_word' id='word_1_548' title='bbox 1234 2718 1302 2749; x_wconf 83' lang='lat' dir='ltr'><strong>diu.</strong></span> <span class='ocrx_word' id='word_1_549' title='bbox 1350 2716 1416 2752; x_wconf 66' lang='lat'><strong>(323</strong></span> <span class='ocrx_word' id='word_1_550' title='bbox 1429 2739 1467 2750; x_wconf 78' lang='lat'><strong>...</strong></span> <span class='ocrx_word' id='word_1_551' title='bbox 1479 2716 1571 2751; x_wconf 57' lang='grc' dir='ltr'><strong>Βε-</strong></span> 
     </span>
     <span class='ocr_line' id='line_1_77' title="bbox 868 2759 1569 2802; baseline -0.003 -8"><span class='ocrx_word' id='word_1_552' title='bbox 868 2772 931 2795; x_wconf 81' lang='lat' dir='ltr'><strong>non</strong></span> <span class='ocrx_word' id='word_1_553' title='bbox 951 2771 1042 2802; x_wconf 80' lang='lat' dir='ltr'><strong>posse</strong></span> <span class='ocrx_word' id='word_1_554' title='bbox 1069 2763 1127 2794; x_wconf 86' lang='lat' dir='ltr'><strong>diu</strong></span> <span class='ocrx_word' id='word_1_555' title='bbox 1159 2764 1315 2794; x_wconf 84' lang='lat' dir='ltr'><strong>verticem.</strong></span> <span class='ocrx_word' id='word_1_556' title='bbox 1364 2759 1447 2794; x_wconf 85' lang='lat' dir='ltr'><strong>Cod.</strong></span> <span class='ocrx_word' id='word_1_557' title='bbox 1478 2760 1569 2794; x_wconf 73' lang='lat' dir='ltr'><strong>Frat.</strong></span> 
     </span>
     <span class='ocr_line' id='line_1_78' title="bbox 870 2806 1570 2847; baseline -0.001 -8"><span class='ocrx_word' id='word_1_558' title='bbox 870 2806 954 2839; x_wconf 85' lang='lat' dir='ltr'><strong>Min.</strong></span> <span class='ocrx_word' id='word_1_559' title='bbox 979 2806 1070 2838; x_wconf 85' lang='lat' dir='ltr'><strong>I&#39;inc.</strong></span> <span class='ocrx_word' id='word_1_560' title='bbox 1095 2806 1194 2839; x_wconf 86' lang='lat' dir='ltr'><strong>ci.·==</strong></span> <span class='ocrx_word' id='word_1_561' title='bbox 1211 2808 1360 2840; x_wconf 79' lang='lat' dir='ltr'><strong>nedum</strong></span> <span class='ocrx_word' id='word_1_562' title='bbox 1380 2815 1480 2847; x_wconf 80' lang='lat' dir='ltr'><strong>supra</strong></span> <span class='ocrx_word' id='word_1_563' title='bbox 1503 2807 1570 2838; x_wconf 78' lang='lat' dir='ltr'><strong>lu·</strong></span> 
     </span>
    </p>
   </div>
   <div class='ocr_carea' id='block_1_10' title="bbox 1184 2850 1282 2895">
    <p class='ocr_par' dir='ltr' id='par_1_14' title="bbox 1184 2850 1282 2895">
     <span class='ocr_line' id='line_1_79' title="bbox 1184 2850 1282 2895; baseline 0.01 -1"><span class='ocrx_word' id='word_1_564' title='bbox 1184 2850 1282 2895; x_wconf 83' lang='lat'><strong>44*</strong></span> 
     </span>
    </p>
   </div>
  </div>
 </body>
</html>
