1812 3184
288 183 372 228 622
743 185 785 224 L.
816 185 1012 227 ANNAEI
1045 187 1272 229 SENECAE

288 309 428 352 specus
449 296 488 338 in
509 311 607 352 quos
632 296 777 339 nullum
802 296 973 340 n‘oetium
998 298 1224 355 dierumque
1246 300 1471 356 perueniret
1494 299 1718 343 discrimen.

249 381 252 384 ·
287 362 327 405 Α
356 370 467 420 tergo
494 365 619 407 lucem
648 365 871 420 relinquere
894 379 994 421 quae
1019 373 1126 407 tanta
1147 380 1238 422 spes
1263 367 1362 409 tuit?
1399 381 1500 424 quae
1521 358 1630 410 tanta
1650 379 1722 410 ne-

288 432 452 473 cessitas
477 432 671 474 hominem
694 433 741 474 ad
766 433 895 474 sidera
924 440 1096 475 erectum
1125 433 1348 476 incuruauit
1375 442 1416 477 et
1445 435 1592 478 defodit
1615 441 1658 477 et.
1678 434 1720 478 in

287 499 444 541 fundum
477 500 626 541 telluris
657 500 817 542 intimae
853 501 1013 553 mersit,
1045 508 1096 542 ut
1120 508 1279 543 erueret
1304 512 1440 543 aurum
1464 516 1547 544 non
1567 503 1720 545 minore

252 582 270 609 4
287 567 459 621 periculo
483 567 744 623 quaerendum
770 582 882 622 quam
907 568 1208 623 possidendum?
1263 567 1433 625 Propter
1461 569 1536 612 hae
1562 570 1721 612 cunien-

287 634 347 675 los
369 634 451 689 egit
471 641 511 676 et
529 635 634 676 circa
655 635 836 691 praedam
861 636 1089 677 lutulentam
1116 636 1360 692 inertemque
1389 636 1558 692 reptauit
1579 635 1721 679 oblinas

285 701 460 753 dierum,
504 701 645 744 oblitus
675 709 837 744 naturae
866 703 1039 744 melioris
1067 717 1089 744 a
1119 717 1194 758 qua
1223 717 1269 745 se
1297 704 1455 746 auertit.
1517 701 1594 746 Ulli
1624 714 1721 759 ergo

285 775 438 810 mortuo
465 776 571 811 terra
594 776 672 811 tam
698 770 830 824 grauis
855 777 917 811 est
937 785 1052 825 quam
1073 771 1160 812 istis
1189 784 1307 826 supra
1338 784 1434 826 quos
1464 770 1628 812 auaritia
1653 784 1719 812 ur-

283 849 382 890 gens
406 843 596 878 terrarum
619 837 769 892 pondus
791 837 947 890 iniecit,
989 837 1127 893 quibus
1152 838 1312 879 abstulit
1336 838 1510 891 coelum,
1552 851 1650 893 quos
1676 837 1718 879 in

283 903 362 944 imo
391 903 456 945 ubi
476 904 570 945 illud
591 904 734 945 malum
767 905 874 946 uirus
899 905 1027 961 latitat
1048 905 1214 946 infodit?
1271 903 1344 946 Illo
1366 904 1716 949 deffenderea-nsi

284 977 376 1012 sunt
402 970 465 1011 ubi
488 985 628 1012 nouam
652 985 783 1012 rerum
808 972 1066 1027 positionem,
1110 979 1301 1012 terrarum
1332 970 1579 1026 pendentium
1613 971 1720 1012 hahi-
1757 997 1761 1001 -

283 1043 346 1078 tus
375 1044 594 1092 uentosque
623 1051 694 1092 per
722 1030 882 1078 caecum
908 1038 1027 1079 inane
1051 1037 1326 1092 experirentur
1349 1045 1390 1079 et
1413 1050 1599 1094 aquarum
1622 1037 1718 1080 nulli

281 1103 480 1146 fluentium
500 1104 679 1145 horridos
700 1105 827 1146 fontes
850 1112 890 1146 et
908 1105 1024 1146 altam
1048 1111 1349 1161 perpetuamque
1371 1111 1548 1149 noctemz
1579 1104 1720 1149 deinde

283 1186 369 1212 eum
388 1171 463 1213 ista
485 1172 677 1223 fecerunt,
710 1172 859 1214 inferos
880 1179 1069 1214 metuunt.
1129 1170 1249 1214 XVI.
1283 1170 1363 1214 Sed
1384 1178 1429 1213 nt
1445 1172 1494 1214 ad
1513 1171 1554 1213 id
1573 1171 1624 1215 de
1639 1185 1716 1228 qno

1021 1319 1130 1352 BEeG
1141 1320 1188 1354 58.
1399 1318 1433 1353 ,Ω
1450 1332 1495 1346 =
1515 1319 1621 1358 Nulli
1640 1327 1714 1359 erqo

281 1319 345 1351 ritu
367 1320 543 1359 libereque.
589 1319 678 1354 {man
692 1317 754 1354 &2
768 1342 777 1353 .
791 1342 802 1353 .
815 1342 825 1354 .
839 1320 872 1355 St*
883 1335 928 1348 =
949 1323 976 1352 et
1255 1318 1317 1353 (51.
1332 1340 1342 1352 .
1353 1339 1365 1352 .
1376 1340 1387 1353 .

281 1365 345 1395 reli
355 1374 371 1396 c
381 1367 410 1395 ta
433 1366 547 1404 spiritu
569 1365 663 1395 libero
687 1375 754 1395 om.
769 1374 837 1405 que.
875 1366 921 1396 Ee
931 1380 976 1392 =
1020 1368 1140 1397 mortua
1170 1386 1178 1395 .
1193 1388 1202 1395 .
1214 1385 1222 1393 .
1247 1364 1369 1403 infodit.
1413 1362 1470 1394 BG
1480 1360 1538 1395 Ρ4.
1554 1361 1624 1395 Col.
1637 1361 1711 1407 eod.

281 1417 314 1440 se
339 1410 549 1440 dimitterent.
599 1407 667 1440 Col.
682 1422 728 1436 =
742 1418 775 1440 m
785 1419 806 1440 a
817 1411 826 1440 l
835 1419 856 1440 u
867 1419 899 1441 m
920 1419 976 1441 no·
1022 1411 1099 1451 Ops.
1123 1408 1222 1443 2351.
1245 1422 1290 1435 =
1316 1408 1455 1439 auaritia
1496 1408 1537 1439 in
1546 1417 1639 1448 qens.
1684 1408 1712 1440 Ε

1020 1453 1114 1485 Fort.
1128 1452 1185 1485 P3.
1205 1465 1255 1486 ω.
1289 1451 1347 1485 Ρ3.
1359 1455 1572 1484 =iermrum
1589 1443 1714 1492 pondus

1020 1500 1179 1539 ingerit.
1230 1494 1532 1538 effia1.=quos
1534 1497 1567 1528 in
1589 1498 1652 1529 imo
1674 1498 1713 1529 il-

1022 1543 1076 1575 lud
1099 1544 1217 1574 malum
1240 1543 1294 1573 ubi
1321 1543 1408 1574 virus
1430 1535 1543 1574 latitat.
1586 1538 1645 1575 P3.
1666 1555 1713 1569 ==

1016 1597 1092 1628 quos
1114 1589 1233 1619 immo
1256 1588 1375 1618 uberi
1397 1586 1477 1618 illud
1491 1587 1613 1618 malum
1631 1587 1713 1619 vir-

1018 1637 1083 1664 tus
1105 1633 1216 1663 latitat.
1254 1628 1312 1664 Ρ4.
1326 1640 1458 1672 =quos
1479 1631 1537 1661 in
1527 1639 1600 1670 ymo
1621 1632 1710 1663 uel-

1017 1678 1070 1709 ud
1101 1678 1221 1708 malum
1254 1677 1308 1708 ubi
1338 1678 1437 1708 viros
1466 1676 1580 1706 latitat.
1636 1674 1710 1707 Col.

1017 1737 1062 1750 =
1082 1731 1159 1761 quos
1180 1723 1213 1752 in
1243 1730 1375 1760 ymum
1406 1720 1486 1752 illud
1517 1721 1639 1752 malum
1658 1722 1712 1753 ubi

1017 1769 1104 1799 virus
1128 1768 1241 1797 latitat.
1290 1765 1444 1797 BEFort.
1459 1776 1510 1796 ω.

1062 1815 1215 1843 terrarum
1234 1812 1433 1850 pendentium
1443 1824 1490 1838 ==
1501 1808 1655 1845 ssEeess.

1019 1855 1081 1891 (⁵31.
1096 1878 1135 1892 ...
1146 1856 1179 1890 «ςῗ
1195 1860 1229 1893 -Ι-
1244 1858 1396 1887 terrarum
1407 1864 1456 1895 qu
1466 1864 1481 1886 e
1500 1855 1709 1894 pendentium.

1060 1921 1117 1952 per
1139 1921 1155 1943 c
1163 1921 1183 1943 a
1193 1920 1208 1943 e
1217 1921 1232 1943 c
1242 1921 1262 1942 u
1272 1920 1304 1942 m
1325 1912 1418 1942 inane
1427 1925 1472 1938 =
1480 1910 1576 1942 EmG
1591 1909 1705 1941 Bamb.

1017 1955 1165 1988 Wirceb.
1189 1954 1276 1990 51..
1315 1956 1409 1990 ‚Gltn
1422 1954 1491 1990 2232.
1563 1955 1584 1985 Β
1597 1968 1643 1982 =
1650 1964 1708 1994 per

280 1454 377 1484 etium
398 1454 586 1493 dierumque.
632 1452 690 1485 Ρ4.
702 1467 748 1481 -=
759 1455 880 1485 dierum
888 1463 908 1486 υ
918 1463 943 1487 e.

325 1509 500 1540 discrimen.
547 1511 568 1541 A
595 1512 679 1550 tergo
706 1512 804 1542 lucem
826 1512 977 1550 relinque-

281 1562 314 1585 re
347 1562 427 1593 quae
454 1556 542 1585 tanta
576 1563 645 1593 spes
678 1556 738 1594 suit
758 1569 804 1582 =
822 1555 903 1586 EeG
918 1554 975 1586 Gr.

280 1596 349 1632 ,θΒἹ
373 1597 551 1638 (G—spes
569 1600 655 1638 suit?
681 1608 759 1638 quae
782 1603 881 1632 tanta.
905 1599 973 1630 mG

279 1655 326 1669 =
345 1651 415 1682 spes
436 1642 599 1684 fuerit).
668 1645 700 1678 523
721 1658 767 1671 =
788 1645 972 1684 pervenire

280 1696 302 1719 a
324 1690 407 1727 tergo
428 1688 527 1718 lucem
547 1688 728 1727 relinquere.
776 1690 863 1728 Quae
885 1692 973 1720 lanta

279 1741 349 1772 spes
371 1732 454 1771 fuit?
503 1729 564 1766 (51.
586 1746 631 1759 =
654 1742 676 1764 α
698 1737 782 1774 teryo
803 1735 902 1765 lucem
924 1743 972 1765 re-

279 1778 490 1816 linquerent.
538 1778 625 1816 Quae
655 1781 744 1810 tanta
783 1788 852 1818 spes
883 1779 971 1818 fuit?

281 1821 344 1855 (³52.
357 1842 396 1854 ...
408 1818 477 1855 ffil.
489 1821 545 1856 *fflu
558 1822 590 1856 ἇῗ
606 1837 652 1850 =
665 1826 701 1854 et
724 1833 745 1854 a
768 1827 851 1863 tergo
874 1825 973 1855 lucem

277 1867 526 1905 relinquerent.
573 1868 660 1906 Quae
683 1871 771 1900 tanta
793 1875 862 1908 spes
884 1869 973 1908 fuit?

280 1911 305 1942 B
325 1925 370 1938 =
392 1913 433 1942 at
463 1919 558 1951 erqo
591 1914 691 1945 lucem
725 1915 972 1953 relinquerent.

280 1956 411 1996 Quaet.
435 1964 484 1995 sp.
508 1957 531 1996 f.

322 1999 354 2031 4.
373 2003 400 2032 et
411 2001 495 2032 circa
506 2003 662 2040 praedam
671 2003 877 2034 lutulentam
865 2013 876 2034 ι
887 2013 908 2033 n
917 2011 933 2033 e
940 2012 973 2034 r-

278 2047 422 2084 temque
444 2048 676 2084 reptavit=
700 2048 755 2078 Ee.
827 2045 922 2078 31²3.
937 2048 970 2081 Q

278 2110 317 2122 ...
330 2089 356 2123 Q
367 2090 437 2122 (Sto
450 2110 488 2123 ...
500 2089 533 2123 ST
544 2104 587 2117 =
600 2094 629 2122 et
651 2093 735 2123 circa
750 2093 906 2130 praedam
924 2093 973 2122 lu-

277 2134 426 2165 tulentam
459 2134 492 2164 in
501 2143 517 2164 c
526 2142 541 2165 e
552 2138 588 2166 rt
599 2144 619 2165 a
629 2144 662 2166 m
671 2144 728 2174 que
748 2137 893 2174 reptavit.
941 2135 972 2166 G

277 2191 323 2205 =
346 2180 374 2209 et
395 2178 479 2208 circa
510 2179 666 2217 praedam
696 2180 728 2209 lu
739 2188 755 2210 c
764 2181 900 2211 ulentam
924 2181 971 2211 in-

278 2232 295 2254 ο
304 2231 319 2254 e
330 2231 346 2254 r
357 2224 368 2253 t
377 2230 439 2261 am
447 2230 504 2261 que
527 2225 669 2262 reptavit.
715 2221 775 2254 Ρ4.
786 2238 833 2251 =
842 2227 869 2255 et
885 2225 970 2255 circa

273 2267 430 2307 praedam
443 2268 626 2299 lutulentam
642 2270 674 2299 in
684 2278 700 2300 c
710 2278 724 2300 e
732 2278 749 2300 r
759 2271 799 2299 ta
806 2278 840 2300 ‘m
849 2278 906 2308 que
921 2277 970 2300 re-

273 2321 296 2351 p
307 2321 328 2343 u
337 2312 425 2343 tavit.
460 2309 528 2344 Col.
539 2327 584 2340 =
594 2315 621 2344 et
644 2315 727 2344 circa
747 2314 901 2352 praedam
922 2314 970 2344 lu-

275 2358 424 2388 tulentam
456 2357 488 2387 in
499 2366 514 2388 c
523 2367 540 2389 r
549 2367 563 2389 e
573 2360 583 2389 t
593 2367 612 2388 a
622 2367 653 2388 m
661 2367 718 2397 que
744 2359 889 2397 reptavit.
936 2358 968 2391 (ᾖ

277 2423 316 2435 ...
330 2398 386 2435 24.
400 2415 446 2428 =
457 2404 484 2433 et
506 2403 589 2434 circa
610 2403 765 2442 praedam
787 2403 968 2434 lutulentam

276 2448 309 2478 in
319 2456 335 2477 c
347 2454 386 2477 er
397 2448 436 2477 ta
445 2455 477 2477 m
486 2456 543 2486 que
565 2457 582 2479 r
592 2448 739 2486 aptavit.
788 2446 818 2478 G
832 2464 878 2471 —
892 2448 969 2478 obli-

275 2494 324 2522 tus
356 2491 486 2522 dierum.
542 2491 605 2526 (21.
626 2506 671 2519 =
690 2493 824 2531 reptavit
857 2493 969 2523 oblitus

274 2545 291 2567 r
301 2544 317 2567 e
325 2545 343 2568 r
352 2545 415 2566 um
435 2539 567 2568 naturae
589 2538 724 2568 melioris
747 2536 816 2568 rell.
841 2547 905 2567 om.
944 2537 967 2567 B

274 2595 320 2607 =
331 2581 442 2612 oblitus
463 2589 600 2613 rerum
617 2585 749 2613 naturae
765 2591 798 2612 m
810 2582 967 2613 ulieris

277 2625 356 2667 (hoe
379 2636 422 2656 cr.
440 2624 506 2666 ω).
553 2622 610 2658 Ρ4.
636 2630 670 2664 -t—
699 2628 808 2657 oblitus
830 2635 869 2658 re
878 2635 895 2658 r
905 2636 925 2657 u
934 2635 967 2657 m

273 2673 406 2701 naturae
429 2672 574 2702 melioris.
621 2673 654 2706 §23
677 2685 723 2698 =
743 2672 852 2702 oblitus
874 2673 966 2702 natu-

274 2723 349 2745 rae:
384 2724 413 2746 m
426 2717 583 2747 attioris
615 2725 726 2757 aqua
751 2725 783 2748 se
816 2716 965 2747 evertit.

276 2758 306 2789 G
318 2763 421 2797 (cneo
431 2761 444 2798 )
455 2774 500 2788 =
510 2769 542 2792 se
565 2762 616 2793 ad
626 2762 724 2794 vertit.

323 2803 407 2835 Ulli
429 2813 501 2844 erqo
524 2809 643 2839 mortuo
667 2829 675 2838 .
694 2829 701 2837 .
723 2827 731 2836 .
755 2806 897 2846 infodit?
920 2819 966 2833 =

1017 2010 1142 2032 caecum
1164 2002 1219 2032 ina
1229 2011 1250 2032 n
1261 2010 1309 2032 es.
1334 1999 1410 2031 G=
1418 2009 1476 2040 per
1485 2009 1612 2032 caecum
1629 2009 1660 2030 m
1671 2008 1708 2030 α-

1015 2055 1066 2077 re.
1108 2045 1178 2077 Col
1189 2054 1295 2085 =per
1317 2054 1444 2077 caecum
1463 2046 1624 2079 inanem.
1647 2041 1706 2076 P3.

1016 2090 1049 2122 4.
1066 2099 1180 2130 =per
1201 2093 1361 2122 centum
1383 2084 1489 2122 inane?
1531 2089 1603 2123 23
1586 2102 1634 2117 =
1651 2096 1709 2128 per

1016 2136 1112 2167 cetu
1144 2144 1339 2166 manare.-
1385 2133 1453 2168 ffit.
1468 2133 1569 2168 {Ru-R
1586 2147 1634 2162 ·--=
1650 2141 1708 2173 μ’·

1015 2181 1173 2210 coelum
1204 2181 1308 2210 inane.
1353 2178 1413 2209 Est
1439 2177 1524 2209 haee
1544 2177 1706 2220 scriptura

1014 2222 1102 2254 inter
1121 2230 1195 2261 eas,
1221 2232 1304 2264 quae
1325 2232 1364 2253 ex
1385 2220 1509 2253 librarii
1537 2220 1706 2254 cuiusdam

1014 2246 1214 2309 negligentia
1236 2268 1330 2299 ottae
1350 2270 1385 2298 et
1414 2264 1578 2297 editorum
1604 2264 1705 2298 incu-

1014 2311 1062 2344 ria
1086 2317 1288 2355 propagatae
1310 2321 1461 2342 exercere
1482 2309 1592 2342 solent
1609 2309 1705 2343 viro·-

1013 2368 1087 2389 rum
1112 2354 1314 2388 doctorum
1305 2353 1446 2397 ingenia.

1059 2404 1086 2434 et
1109 2410 1265 2459 aquarum
1287 2401 1398 2432 nulli
1421 2401 1639 2441 fluentium=
1653 2399 1704 2433 ΒΕ

1013 2446 1105 2479 Fort-
1117 2441 1176 2477 Ρ4.
1190 2444 1261 2476 Col.
1286 2443 1385 2477 codd.
1404 2445 1484 2487 Ops.
1495 2444 1618 2479 ssffitan
1630 2446 1701 2479 <Sto

1013 2491 1189 2526 9132.....1ῗ.
1259 2490 1353 2521 G—
1307 2504 1354 2519 =
1372 2492 1400 2548 et
1419 2498 1576 2530 aquarum
1597 2491 1705 2521 ullis

1012 2537 1184 2578 fluentium.
1228 2531 1287 2567 Ρ4.
1299 2534 1384 2569 61..
1388 2534 1484 2569 ...24
1505 2534 1589 2576 (exc.
1601 2532 1702 2575 ‘Illam

1012 2580 1082 2615 ffil.
1102 2595 1149 2609 ε
1168 2589 1324 2621 aquarum
1347 2581 1389 2611 in
1415 2580 1512 2612 illis
1533 2579 1702 2620 fluentium.

1013 2626 1155 2666 Gts.m.)
1169 2639 1213 2653 =
1223 2628 1251 2656 et
1272 2626 1432 2656 alteram
1450 2626 1702 2665 perpetuamque.
1717 2638 1721 2644 ι

1012 2671 1037 2702 Β
1049 2687 1091 2696 -
1102 2670 1225 2706 deinde.

1056 2724 1128 2747 cum
1149 2716 1212 2746 ista
1233 2713 1487 2755 fecerunt=I¹L
1556 2711 1648 2747 131}ss
1661 2733 1700 2746 ...

1012 2760 1044 2794 st
1056 2774 1102 2787 =
1118 2768 1188 2792 cum
1210 2761 1271 2791 ista
1290 2759 1438 2800 fecerint.
1484 2758 1518 2792 §B
1530 2770 1576 2786 ===
1587 2757 1706 2797 inferos

1010 2806 1257 2837 metiuntur.
