1812 3184
1659 0 1812 98 Ἤ

275 193 361 237 366
709 195 780 236 An
811 196 1036 238 HELUIAM
1064 198 1274 240 MATREM

279 305 436 348 nomina
458 306 602 349 dabant
627 314 666 349 et
687 307 832 350 relictis
854 308 934 350 aris
964 309 1046 351 suis
1068 316 1178 352 trans
1206 311 1327 353 maria
1347 310 1583 367 sequebatur
1602 310 1708 358 colo-
1748 302 1752 304 ⁸

276 388 349 415 nos
374 388 516 416 senex.
577 373 693 417 VIII.
737 374 822 418 Res
851 377 1004 431 quidem
1039 391 1116 418 non
1143 378 1338 420 desiderat
1360 366 1525 435 plurium
1546 391 1708 421 enume-

276 441 490 483 rationem:
542 456 660 483 unum
702 450 832 484 tamen
871 444 1033 485 adiciam
1075 445 1175 500 quod
1216 445 1256 487 in
1295 446 1428 487 oculos
1465 442 1510 488 se
1547 440 1704 502 ingerit.

277 507 387 550 Haec
410 509 494 564 ipsa
511 509 636 551 insula
654 524 770 566 saepe
789 511 865 552 iam
884 512 1054 553 cultores
1074 513 1250 554 mutauit.
1294 511 1348 555 Ut
1367 512 1586 568 antiquiora
1608 526 1707 568 quae

278 583 450 617 uetustas
469 577 632 618 obduxit
651 584 845 619 transeam
861 610 872 630 ‚
903 577 1075 620 Phocide
1091 580 1227 621 relicta
1252 578 1362 621 Graii
1387 580 1452 635 qui
1474 593 1578 622 nuno
1596 578 1708 632 Mass-

275 643 401 684 siliam
427 644 602 685 incolunt
626 645 733 699 prius
757 646 797 686 in
823 646 895 687 hac
926 647 1054 687 insula
1082 648 1359 688 consederunt.
1418 645 1486 689 Ex
1509 661 1598 702 qua>
1617 646 1707 702 quid

260 724 345 752 ,eos
373 711 567 765 sugauerit
586 712 775 753 incertum
801 721 884 766 est,
919 721 1045 755 utrum
1066 714 1165 755 coeli
1182 715 1354 769 grauitas
1378 729 1426 755 an
1444 714 1708 770 praepotentis

274 774 412 819 Italiae
434 786 667 833 conspectus
687 794 735 820 an
759 788 897 822 natura
918 780 1132 835 inportuosi
1154 782 1296 822 maris:
1327 795 1415 823 nam
1436 781 1477 823 in
1495 794 1613 824 causa
1628 794 1707 823 non

276 845 398 886 fuisse
429 846 620 887 feritatem
651 847 870 888 accolarum
894 861 941 888 eo
969 849 1149 903 adparet,
1181 849 1281 903 quod
1306 849 1477 890 maxime
1504 855 1597 891 tunc
1625 855 1707 890 tru-

238 922 256 949 2
275 911 383 953 cibus
401 919 441 953 et
458 913 665 954 inconditis
679 913 832 955 Galliae
853 915 1000 970 populis
1021 929 1063 956 se
1080 915 1411 970 interposuerunt.
1447 914 1709 958 Transierunt

273 979 413 1020 deinde
435 978 603 1034 Ligures
632 981 670 1021 in
703 994 810 1032 eam,
844 982 1085 1022 transierunt
1110 989 1148 1022 et
1172 982 1359 1037 Hispani,
1400 983 1505 1035 quod
1521 995 1574 1022 ex
1599 981 1706 1023 simi-

274 1046 435 1087 litudine
467 1046 563 1086 ritus
591 1048 772 1101 adparet:
805 1049 940 1088 eadem
974 1048 1075 1088 enim
1103 1055 1299 1102 tegmenta
1331 1048 1500 1104 capitum
1526 1048 1706 1103 idemque

274 1125 398 1166 genus
419 1113 663 1154 calciamenti
691 1115 792 1168 quod
819 1112 1030 1156 Cantabris
1063 1122 1125 1156 est
1149 1122 1189 1156 et
1217 1115 1337 1156 uerba
1364 1115 1576 1170 quaedam:
1616 1129 1706 1163 nam

274 1186 379 1220 totus
407 1193 537 1221 sermo
563 1181 862 1222 conuersatione
886 1181 1128 1223 Graecorum
1154 1176 1422 1238 Ligurumque
1446 1195 1469 1223 a
1491 1183 1616 1238 patrio
1639 1183 1707 1224 de-

273 1246 403 1287 sciuit.

239 1394 256 1420 3
275 1381 363 1422 saxi
394 1388 563 1422 mutatus
594 1389 655 1423 est
681 1384 858 1438 populus.

273 1522 380 1556 sunt.
422 1515 520 1556 alius
545 1516 607 1556 alii
630 1517 835 1557 successit.

272 1581 337 1623 ille
364 1583 464 1623 unde
488 1584 693 1639 expulerat
718 1584 865 1625 eiectus
891 1590 970 1625 εει.

273 1650 359 1690 dem
386 1663 541 1704 semper
557 1650 648 1706 loco
672 1658 777 1691 stare
803 1652 1011 1692 fortunam.

453 1245 657 1290 Deductae
677 1249 816 1290 deinde
837 1256 927 1290 sunt
946 1250 1044 1290 duae
1064 1249 1204 1290 ciuium
1226 1249 1492 1290 Romanorum
1512 1250 1702 1302 coloniae,

274 1314 397 1355 altera
419 1328 442 1355 a
460 1313 592 1356 Mario
606 1344 619 1367 ‚
661 1316 784 1357 altera
812 1330 835 1357 a
855 1315 980 1357 Sulla.

919 1382 998 1424 Uix
1027 1383 1191 1438 denique
1218 1383 1396 1424 inuenies
1422 1382 1536 1424 ullam
1561 1393 1704 1424 terram

272 1462 386 1502 quam
412 1449 630 1489 etiamnunc
654 1450 860 1504 indigenae
895 1450 1038 1490 colant.

898 1516 973 1557 Hic
997 1517 1219 1572 concupiuit
1238 1517 1338 1571 quod
1358 1517 1411 1557 illi
1435 1517 1590 1558 fastidio
1614 1517 1700 1558 fuit.

1043 1316 1212 1357 Totiens
1244 1316 1355 1357 huius
1377 1316 1473 1357 aridi
1497 1323 1538 1358 et
1557 1316 1704 1372 spinosi

1095 1450 1288 1505 permixta
1316 1450 1446 1491 omnia
1470 1456 1510 1491 et
1534 1450 1704 1492 insiticia

1031 1582 1093 1624 Ita
1120 1585 1198 1624 fato
1226 1583 1369 1638 placuit
1391 1583 1533 1624 nullius
1556 1582 1616 1624 rei
1639 1597 1705 1625 eo-

1072 1650 1276 1691 Aduersus
1303 1650 1424 1706 ipsam
1451 1651 1706 1692 conmutatio-

273 1729 361 1757 nem
384 1716 559 1757 locorum
585 1717 768 1758 detractis
793 1718 935 1759 ceteris
959 1718 1214 1760 incommodis
1235 1732 1334 1773 quae
1354 1718 1475 1759 exilio
1494 1718 1707 1760 adhaerent

273 1832 336 1861 ter
359 1832 487 1861 nomina
509 1831 633 1862 dabat.
680 1830 763 1863 Rell.
787 1830 886 1863 etiam
907 1830 964 1862 Gr.

277 1886 328 1906 ω.
352 1875 434 1906 D=
442 1877 595 1907 etrelictis
615 1878 835 1908 armissuis.
852 1878 965 1907 Arntz

275 1918 330 1961 (ad
356 1919 463 1951 Aurel.
488 1919 574 1951 Vict.
595 1932 622 1952 e.
633 1919 687 1953 23.
710 1932 742 1963 p.
757 1919 845 1971 130.)
871 1920 909 1952 ci.
921 1935 966 1948 =

272 1965 386 1995 relictis
408 1966 521 2004 ayris
543 1967 618 1997 suis.
664 1971 760 2008 putat
791 1965 877 1997 enim
902 1968 983 1997 vo-'

274 2019 345 2039 cem
377 2011 442 2040 aris
473 2020 547 2040 cum
577 2020 658 2041 voce
688 2013 812 2042 colonus
833 2010 966 2042 minime

275 2053 458 2083 convenire.
507 2053 590 2084 Rell.
611 2067 660 2085 ω.

317 2100 498 2136 sequebatur
520 2100 656 2130 colonos
679 2109 771 2130 senex
783 2114 828 2127 =
841 2100 929 2142 BAg.

273 2142 302 2172 D
315 2155 360 2168 =
373 2144 494 2173 colonos
516 2146 697 2182 sequebatur
719 2153 820 2175 senex.
860 2146 891 2178 π
905 2166 916 2179 .
928 2167 939 2179 .
952 2166 963 2179 .

272 2187 531 2220 ἑδωεοοῑοηιιε
551 2189 735 2227 sequebatur
757 2197 858 2220 senex.

522 2265 600 2308 Cap.
629 2267 717 2298 VIII.

317 2322 342 2352 B
354 2323 597 2361 :plurimum
622 2324 889 2366 enumerationem.
934 2322 963 2353 D

270 2364 328 2397 P2.
351 2368 495 2401 33...OE
516 2381 561 2393 =
580 2376 671 2406 saepe
695 2368 759 2398 iam
793 2369 965 2399 colonos

270 2413 412 2445 ululavit.
459 2411 543 2443 Rell.
573 2411 675 2443 *etiam
698 2411 788 2443 Pinc.
814 2418 881 2442 tres
904 2412 962 2443 Gr.

276 2468 325 2490 ω.
372 2467 394 2499 g
419 2460 453 2493 -Ι-
478 2460 615 2488 vetustas
644 2459 729 2488 iam
751 2458 890 2488 obduxit.
940 2457 963 2487 B

273 2506 400 2540 (cr-m)
413 2516 458 2528 =
473 2503 565 2533 Grai
587 2503 640 2542 qui
662 2512 753 2534 nunc.
792 2502 823 2532 D
836 2511 964 2542 =que

270 2556 352 2578 nunc
375 2548 470 2579 Mass.

317 2593 492 2622 Massiliam
519 2593 558 2625 in
570 2592 672 2624 colunt
691 2606 736 2618 =
760 2592 837 2633 BAg
856 2589 914 2623 P3.
931 2589 962 2623 4.

274 2635 343 2666 Col.
413 2637 441 2667 D
459 2634 514 2667 1³2.
533 2638 563 2670 z
576 2658 586 2670 .
598 2659 608 2669 .
625 2659 634 2670 .
647 2637 700 2670 >230
722 2651 767 2664 =
788 2638 963 2668 Massiliam

273 2678 402 2722 [122.=
414 2680 608 2723 Maxiliam]
633 2683 772 2715 colunt.
800 2682 824 2712 B
837 2695 881 2708 =
895 2683 963 2712 im-

267 2727 399 2762 potentis
420 2727 538 2757 Italiae.
588 2726 616 2756 D
639 2740 684 2753 =
703 2736 778 2761 raam
808 2727 842 2758 in
875 2735 963 2758 eam

269 2778 330 2799 non
353 2770 457 2808 fuisse.
493 2771 594 2811 Bong.
608 2785 651 2798 =
664 2780 730 2802 sev
741 2781 756 2803 e
766 2773 887 2803 ritatem
909 2780 963 2802 ac—
1009 2791 1020 2804 0
1031 2791 1040 2802 0
1054 2793 1065 2804 0

268 2814 416 2845 colurum.
462 2825 635 2855 g=cum
657 2818 795 2848 trucibus
817 2819 856 2848 et.
896 2815 960 2847 Ms.

1012 1830 1164 1863 Durantii
1188 1831 1259 1862 Cas.
1281 1831 1387 1874 (Varr.
1407 1831 1442 1871 Ι,
1468 1828 1519 1863 17.
1522 1829 1534 1872 )
1557 1845 1602 1859 =
1620 1831 1704 1871 quod

1010 1878 1148 1908 maxime
1169 1885 1256 1908 cum
1270 1877 1443 1908 Curibus
1462 1879 1489 1907 et
1508 1877 1568 1908 inc.
1582 1874 1704 1919 probat

1010 1920 1092 1963 ipse.
1138 1918 1197 1952 1²4.
1211 1924 1295 1952 =et
1317 1922 1513 1952 condivis
1537 1922 1648 1952 Gallis.

1055 1965 1088 1997 2.
1112 1969 1139 1997 te
1149 1977 1168 2006 9
1177 1975 1206 1997 m
1219 1969 1288 1998 enta
1310 1967 1504 2005 ca1›itum--
1459 1987 1504 1992 —
1518 1966 1602 2007 BAg.
1672 1965 1702 1996 D

1013 2012 1044 2045 z
1056 2033 1067 2045 0
1081 2034 1090 2044 .
1105 2034 1114 2045 .
1129 2012 1189 2045 §250
1207 2025 1253 2038 =
1277 2013 1324 2050 109
1335 2020 1355 2041 u
1365 2013 1466 2042 menta
1489 2012 1636 2049 capitum.

1055 2057 1267 2087 calciamenti
1289 2070 1332 2084 =
1356 2055 1441 2085 BAD
1455 2055 1485 2088 Z
1497 2077 1506 2087 .
1522 2075 1532 2088 .
1544 2077 1554 2088 .
1569 2054 1631 2089 (ξ’Ῑ.
1646 2055 1702 2096 (g)

1012 2099 1074 2134 (ἔῖ.
1088 2123 1120 2134 .,
1134 2100 1510 2134 .Q30=calceamenti.
1534 2102 1704 2141 g=1am

1010 2147 1089 2175 tolus
1117 2153 1225 2175 sermo.
1275 2143 1344 2174 Col.
1364 2144 1434 2177 (Situ
1457 2157 1501 2170 =
1524 2153 1545 2174 a
1561 2152 1564 2156 ’
1576 2145 1672 2183 patri
1681 2152 1702 2174 a

1009 2189 1146 2219 descivit.
1193 2188 1292 2222 ΒΞ.
1331 2187 1419 2221 ..(ξῖ
1442 2201 1486 2214 =
1510 2197 1531 2218 a
1562 2189 1700 2227 primo

1009 2234 1147 2265 ἀεεοίυἰὶ.
1192 2231 1277 2265 Bell.
1307 2231 1407 2262 etiam
1436 2231 1526 2264 Pinc.
1551 2230 1623 2263 Pall
1649 2244 1699 2264 ω.

1013 2277 1103 2308 Β-
1058 2291 1103 2304 =
1129 2278 1282 2308 Deductae
1305 2277 1412 2308 enim
1433 2279 1514 2307 sunt.
1562 2276 1630 2318 Dsg
1643 2274 1700 2309 Ρ2.

1010 2336 1055 2348 :2
1066 2323 1181 2353 civium
1205 2323 1415 2353 Romanorum
1432 2323 1472 2351 tu
1481 2330 1498 2352 r
1508 2322 1525 2351 b
1537 2330 1556 2351 a
1566 2330 1590 2352 e.

1055 2365 1087 2398 3.
1114 2367 1141 2397 D
1159 2370 1191 2403 -{—
1207 2369 1241 2397 et
1263 2366 1430 2405 permixta
1476 2365 1674 2406 BADgz:

1012 2410 1072 2445 (52.
1085 2412 1246 2442 =omnia
1269 2413 1296 2442 et
1318 2411 1509 2441 instituta.
1556 2409 1645 2442 Pinc.
1660 2409 1699 2442 ci.

1014 2468 1047 2486 (ΧἺ
1056 2479 1064 2486 -

1054 2502 1135 2540 quod
1155 2502 1225 2532 illi
1248 2500 1376 2540 fastidio
1397 2500 1456 2539 fuit
1474 2512 1521 2528 ==
1544 2499 1621 2541 BAg
1641 2497 1699 2531 1²2.

1008 2542 1040 2576 4.
1057 2545 1126 2576 Col.
1197 2543 1296 2576 DP3.
1313 2545 1632 2584 z,..25230=—-quod
1654 2554 1700 2575 α-

1008 2591 1059 2621 lii
1082 2591 1208 2630 fastidio
1231 2590 1300 2629 fuit.

1053 2644 1069 2666 c
1078 2644 1095 2666 ο
1105 2646 1123 2666 n
1135 2636 1337 2666 mutationem
1358 2635 1553 2666 locorum—
1508 2655 1554 2662 .-
1566 2634 1631 2665 BA.

1008 2691 1029 2722 g
1045 2694 1091 2707 =
1106 2680 1423 2711 communionem
1443 2679 1591 2711 locorum.
1639 2678 1700 2712 DZ

1057 2726 1189 2759 Qo—
1144 2738 1189 2744 ·-
1205 2733 1237 2755 m
1247 2725 1422 2755 tutationem
1444 2724 1589 2754 locorum.
1635 2722 1698 2755 Dz:

1080 2769 1124 2803 ³3)ae
1142 2783 1184 2795 =
1198 2770 1306 2800 certi
1315 2777 1331 2799 s
1353 2768 1564 2799 incommodis.
1609 2764 1693 2797 nell.

1008 2813 1106 2846 etiam
1127 2813 1242 2846 (ἦκα).
1269 2813 1322 2843 ΒΑ
1339 2813 1540 2851 Gr.=quoee
1563 2820 1600 2843 eet·
1617 2811 1697 2841 illo
