1812 3184
505 150 573 192 DE
603 148 1007 205 CONSOLATIONE.
1063 148 1167 191 XVI.
1471 148 1563 201 385Δ

110 276 222 310 noce
251 262 414 325 aliarum
446 261 586 319 quibus
613 262 742 304 omnis
772 259 1056 304 commendatio
1085 275 1140 304 ex
1170 261 1297 303 forma
1326 261 1472 316 petitur
1494 270 1556 307 tu-

109 330 349 377 numism
382 337 539 372 uterum
577 330 817 372 abscondisti
840 330 963 386 -quasi
992 329 1178 371 indecens
1209 341 1309 370 onus
1341 342 1415 370 nec
1447 330 1576 373 intra.

110 394 266 442 niceri
286 396 698 455 tua.conccptas'spes
718 398 937 439 liberorum·
949 396 1104 439 elisisti.
1123 411 1128 415 ·
1151 394 1258 438 -Non
1280 390 1418 438 faciem
1443 398 1550 440 colo·
1566 411 1585 437 ι

106 462 225 510 ribus.
242 479 292 508 ao
317 465 523 508 lenociniis
555 465 742 522 polluisti.
765 478 997 520 numquam
1030 462 1098 504 tibi
1132 456 1276 519 placuit
1300 463 1422 505 uestis
1446 479 1550 528 rquac

109 533 206 577 nihil
222 533 386 589 amplius
407 533 595 586 nudaret,
627 547 715 574 cum
736 538 975 588 poneretur:
1007 530 1164 572 unicum
1186 530 1254 571 tibi
1275 539 1550 574 ornamentum

86 596 88 598 ’
107 601 370 657 pulcherrima
392 607 434 642 ct
450 600 546 642 nulli
571 599 744 640 obnoxia
765 597 884 649 aetati
902 599 1054 651 forma,
1085 596 1300 639 maximum
1324 590 1443 640 decus
1463 600 1550 642 uisa

107 675 170 710 est
187 667 388 725 pudicitia.
427 665 526 721 Non
546 673 658 722 potes
676 666 810 720 itaque
827 665 876 706 ad
895 664 1148 706 obtinendum
1166 664 1341 706 dolorem
1358 666 1550 709 muliebre

104 741 250 782 nemen
273 716 531 794 praetendere
553 746 608 774 ex
628 731 704 787 quo
730 737 769 773 te
785 731 951 772 uirtutes
973 737 1064 771 tuae
1084 720 1344 809 seduxerunt.
1398 731 1548 778 tantum

103 800 224 844 debes
245 810 270 845 ιι
291 799 522 842 feminarum
548 799 719 850 lacrimis
745 799 886 840 abesse
913 804 1100 853 quantum
1122 811 1146 838 a
1160 795 1288 839 uitiis.
1308 794 1413 842 Ne
1436 801 1550 843 femi..

103 878 180 911 me
201 867 355 924 quidem
374 874 413 909 te
435 867 568 911 sinent
588 866 836 908 intabescere
857 865 1011 907 uolneri
1033 871 1122 916 tuo,
1155 864 1226 906 sed
1245 864 1385 907 leuiori
1409 881 1549 911 neces-

102 935 210 978 sario
225 948 409 978 moerore
427 934 506 976 cito
529 932 749 976 defunctam
774 933 963 974 iubebunt
987 945 1233 987 exsurgere,
1265 932 1300 973 si
1318 934 1434 975 modo
1457 935 1547 978 illas

103 1002 250 1045 intueri
275 1002 388 1045 uoles
416 1003 582 1044 feminas
605 1012 706 1057 quas
732 1007 943 1056 conspecta
967 999 1090 1040 uirtus
1117 1000 1224 1040 inter
1246 1014 1411 1058 magnos
1435 1003 1545 1046 uiros

102 1069 247 1126 posuit.
308 1066 536 1122 Corneliam
558 1083 612 1111 ex
629 1067 832 1110 duodecim
855 1068 989 1109 liberis
1016 1068 1063 1108 ad
1081 1067 1178 1108 duos
1201 1067 1358 1108 fortuna
1378 1069 1546 1125 redege-
1562 1085 1581 1114 5

101 1145 181 1179 rat.
242 1134 289 1180 Si
308 1151 518 1183 numerare
544 1137 684 1179 funera
703 1129 913 1177 Corneliae
936 1135 1098 1186 uelles‚.
1115 1133 1303 1176 amiserat
1320 1135 1479 1179 decem:
1510 1139 1546 1180 si

102 1204 336 1256 aestimare,
365 1205 554 1246 amiserat
573 1203 792 1245 Gracchos.
853 1201 1060 1244 Flentibus
1082 1208 1214 1242 tamen
1234 1201 1339 1243 circa
1360 1216 1405 1244 se
1426 1212 1467 1246 et
1490 1206 1550 1247 fa-

101 1271 299 1317 tumveius
338 1271 640 1322 exsecrantibus
675 1270 905 1321 interdixit,
946 1283 1005 1329 ne·
1032 1260 1261 1324 fortunam
1290 1279 1551 1316 accusarent

102 1347 214 1395 quae
230 1338 313 1381 sibi
322 1337 442 1394 filios
456 1338 680 1381 Gracchos
697 1337 898 1379 dedisset.
949 1335 1018 1378 Ex
1039 1336 1110 1377 hac
1127 1336 1274 1377 femina
1291 1337 1424 1379 debuit
1437 1342 1549 1383 nasci
1568 1363 1570 1365 >

102 1406 170 1462 qui
189 1406 339 1448 diceret
363 1406 405 1448 in
435 1405 650 1448 concione:
685 1404 765 1447 ,Τιι
787 1405 920 1446 matri
938 1417 1059 1445 meac
1087 1403 1327 1445 maledicas
1348 1418 1459 1459 quae
1482 1421 1548 1449 mc

97 1473 306 1529 peperit?
361 1471 491 1515 Multo
521 1472 616 1514 mihi
646 1487 730 1514 uox
762 1473 899 1514 matris
934 1469 1352 1513 uidetur'animosior.
1418 1471 1581 1517 Filiuso

105 1565 163 1605 fec.
178 1567 261 1596 tuae.
308 1562 392 1596 nell.
417 1562 517 1595 etiain
539 1562 597 1595 Gr.
616 1575 666 1594 ω.
714 1562 802 1595 G=
817 1581 819 1583 -
846 1573 892 1590 =
904 1571 984 1603 quae
1002 1562 1140 1603 amplius
1162 1570 1285 1601 quam
1307 1557 1544 1601 nuditatem

103 1610 216 1649 quibus
260 1609 429 1641 omnibus
470 1609 706 1640 commendatio.
753 1609 802 1650 Bg
846 1611 961 1639 tuam
985 1609 1157 1639 honeste
1180 1610 1349 1646 legeret.
1389 1610 1421 1643 ⁵3(
1435 1631 1446 1642 .
1460 1632 1471 1644 .
1484 1633 1495 1645 ,
1508 1611 1542 1645 (5

103 1668 150 1681 =
172 1663 211 1686 ex
231 1654 388 1695 fortuna
408 1654 533 1693 petitur.
580 1653 606 1683 B
625 1667 670 1680 =
693 1654 802 1685 ince-
847 1664 893 1680 =
914 1661 1007 1691 quae*
1022 1653 1074 1682 acl
1108 1653 1186 1683 nihil
1219 1650 1333 1692 [mOE‘Z.
1355 1667 1399 1680 =
1420 1657 1543 1694 quic-

102 1702 176 1740 ptas
197 1707 278 1739 spes.
324 1698 573 1730 D==elisislis.
672 1696 674 1699 ’
846 1697 993 1738 quam]
1042 1696 1168 1726 aliud
1214 1698 1274 1727 est
1331 1700 1546 1738 exiyenda

148 1740 181 1775 4.
203 1743 358 1775 coloribus
379 1752 418 1774 ac
446 1744 606 1774 lenociniis
625 1741 802 1784 ==J3GAg
848 1751 969 1782 quam
992 1744 1032 1772 ιιι
1055 1741 1152 1772 nuda
1178 1739 1259 1782 [OE‘Z.
1284 1762 1295 1775 .
1309 1763 1340 1775 ..
1363 1743 1396 1776 (55
1417 1757 1462 1771 =
1482 1754 1544 1776 nu-

105 1789 210 1831 Bong.
232 1786 324 1820 Piuc.
346 1799 378 1820 v.
401 1786 512 1819 l..tres
536 1787 594 1819 Gr.
615 1785 699 1818 Scal.
772 1788 800 1818 D
826 1785 954 1829 qiam]
981 1796 996 1817 c
1008 1796 1024 1817 ο
1035 1793 1224 1824 mponere
1235 1788 1258 1816 l.
1300 1786 1345 1824 3)ὶῖ
1357 1809 1367 1820 .
1381 1810 1391 1822 ,
1404 1810 1416 1822 ,
1429 1787 1543 1823 ἓ4,--.

83 1864 86 1867 Δ
103 1831 232 1868 Ρῖεῆπ.
247 1854 281 1871 .,.
294 1833 328 1867 Θ
345 1847 392 1860 =
412 1833 572 1864 lenociniis
595 1841 615 1862 a
626 1835 666 1863 ut
690 1833 801 1863 colori·
846 1840 926 1872 quae
959 1832 1038 1862 nihil
1072 1831 1209 1869 amplius
1241 1839 1290 1869 qu
1301 1840 1322 1861 a
1333 1841 1366 1862 m
1405 1835 1551 1866 nudam

104 1880 172 1910 bus.
219 1877 264 1912 ‘R
274 1900 285 1912 .
297 1899 308 1912 .
321 1899 332 1911 .
344 1879 398 1914 sso
412 1891 458 1904 =
479 1878 639 1909 lenociniis
659 1886 696 1908 ac
719 1873 800 1908 colo·
845 1886 860 1908 c
871 1886 887 1908 ο
898 1886 929 1907 m
939 1886 960 1916 p
969 1886 986 1907 o
996 1886 1016 1907 n
1025 1885 1064 1907 er
1075 1884 1090 1906 e
1100 1878 1121 1906 ε’.
1152 1873 1220 1905 Col.
1239 1879 1273 1911 -l-
1288 1877 1477 1915 pulcerrima
1501 1882 1546 1911 lu

102 1924 199 1956 ribus.
245 1933 267 1965 g
277 1936 323 1949 =
333 1933 355 1963 p
366 1932 386 1954 a
396 1923 503 1954 lluisti.
845 1924 872 1952 el
895 1922 983 1953 nulli.
1032 1919 1123 1961 Lips.
1149 1918 1187 1951 ci.
1209 1934 1255 1946 =
1269 1922 1458 1959 pulcherrim
1468 1933 1489 1954 ιι
1499 1933 1544 1964 m,

846 1969 918 1997 tua
938 1969 965 1997 el
987 1966 1066 1997 nulli
1088 1964 1224 1996 obnoxia
1249 1967 1346 1996 arti.
1376 1967 1544 2000 refutatur

845 2022 864 2041 a
889 2011 993 2042 Gron.
1041 2006 1134 2040 Β-
1088 2023 1134 2037 =
1155 2011 1228 2041 elati
1253 2011 1334 2049 form
1344 2019 1370 2041 e.
1417 2012 1478 2043 BG
1496 2026 1542 2041 =

844 2057 910 2087 Non
933 2058 1059 2095 polest
1089 2057 1203 2094 itaque.
1249 2054 1423 2088 BGJt*
1378 2077 1423 2084 ἡ,
1444 2060 1544 2097 opti-

148 1976 230 2008 quue
261 1968 340 1999 nihil
372 1969 510 2007 amplius
542 1967 694 2005 nudaret,
729 1976 799 1998 cum

102 2008 375 2053 poneretur———cL
388 2011 452 2054 Lip
453 2023 478 2042 s.
493 2012 585 2045 &ro
622 2010 716 2045 ffil.
749 2012 801 2042 Ita

104 2055 321 2089 scribendum·
342 2062 542 2100 propterea,
567 2055 669 2099 quod
701 2055 733 2087 in
768 2058 798 2087 A

105 2112 204 2144 saepe
227 2111 245 2133 ο
267 2112 330 2147 pro
352 2112 375 2133 ιι
398 2107 562 2145 ponatur,
595 2100 695 2132 etiam
716 2099 800 2132 vidit

104 2147 242 2178 Brauon.
281 2142 430 2185 Accedit,
455 2144 546 2189 quod
567 2144 646 2178 alibi
666 2148 693 2178 A
715 2145 801 2177 seri-

104 2190 155 2223 bit
185 2193 359 2232 conpono,
395 2200 462 2223 non
482 2196 664 2230 compono.
710 2191 800 2222 BGA

107 2235 180 2269 cod.
198 2235 290 2279 Lips.
315 2250 362 2264 =
379 2245 460 2276 quae
481 2237 560 2267 nihil
582 2237 719 2275 amplius
740 2246 801 2268 nu-

105 2282 196 2316 daret
237 2284 517 2322 componeretur.
575 2279 632 2312 P4.
657 2295 702 2307 =
720 2290 800 2321 qnae

104 2327 182 2358 nihil
214 2327 333 2358 aliud
363 2327 498 2358 nudaret
533 2329 799 2365 componeretur.

106 2371 352 2413 Bong.==quae
371 2372 509 2410 amplius
527 2371 661 2402 nudaret
677 2380 696 2410 q
707 2381 728 2401 u
738 2380 802 2401 am

106 2419 372 2499 {aliz-fam.
383 2413 802 2491 0⁰m¹²22223u31²5322⁰0⁶33¹

106 2506 282 2543 ponetur·
317 2504 374 2538 {Ru
386 2525 419 2537 0.
433 2525 443 2537 0
457 2504 510 2538 §Bo
523 2513 658 2544 =quoe
681 2505 734 2535 ad
754 2505 803 2535 ni-

107 2549 152 2580 hil
174 2548 297 2579 aliud
319 2557 440 2587 quam
460 2550 594 2580 nudaret
616 2557 805 2587 compone-

36 2620 41 2624 .
107 2596 202 2625 retur.
248 2591 321 2624 Col.
334 2607 379 2619 =
395 2602 475 2632 quae
498 2594 550 2624 ad
571 2593 648 2624 nihil
668 2594 806 2632 amplius

108 2646 230 2678 quam
251 2640 294 2669 ut
316 2638 450 2670 nudaret
475 2640 742 2677 componeretur.
784 2647 806 2678 g

108 2691 251 2722 ===quae
273 2683 325 2714 ad
345 2683 424 2714 nihil
450 2683 574 2714 aliud
597 2682 806 2722 exigenda

108 2737 233 2768 quam
264 2728 507 2759 nuditatem
541 2730 655 2758 luam
688 2727 807 2758 hone-

109 2775 220 2805 sta-le
253 2775 427 2812 legeret.
474 2773 602 2803 unicum
632 2773 697 2803 libi.
746 2768 806 2803 P3.

178 2824 316 2853 Senecae
335 2833 382 2861 op.
402 2823 450 2853 ed.
468 2824 591 2853 Fickert
610 2824 664 2852 ul.

842 2102 990 2132 nendum.
1037 2100 1062 2130 B
1074 2101 1123 2140 (n.
1128 2100 1143 2138 )
1161 2102 1195 2136 —l-
1211 2102 1247 2130 et
1269 2100 1416 2132 dolorem.
1463 2112 1542 2144 g—
1495 2125 1543 2131 -

844 2148 916 2176 luae
938 2146 1075 2176 virtutes.
1109 2142 1200 2186 Lips.
1216 2143 1256 2175 ci.
1269 2143 1452 2179 :virtutes
1471 2150 1543 2180 tuae

845 2191 1043 2222 eduxerunt.
1077 2188 1242 2222 refutatur
1258 2200 1277 2220 a
1302 2190 1406 2223 Gron.
1452 2191 1544 2224 BGA

844 2237 1051 2275 :quantum
1072 2230 1156 2266 ciliis
1179 2244 1243 2265 om.
1270 2244 1302 2266 a.
1337 2234 1379 2267 de
1401 2247 1467 2278 qno
1489 2237 1544 2270 vi-
1588 2256 1590 2259 -

846 2278 898 2311 de.
949 2279 979 2311 G
998 2293 1044 2306 =
1067 2281 1142 2311 Nec
1177 2280 1310 2319 feminae
1332 2282 1468 2320 quidem.
1516 2283 1542 2312 B

846 2326 909 2365 (cr.
916 2325 973 2364 ω)
995 2327 1089 2355 =·le
1112 2325 1274 2355 desinent.
1325 2325 1470 2357 BGA==
1489 2327 1544 2358 sed
1582 2334 1584 2336 ’

845 2371 955 2402 levior
978 2370 1161 2401 necessario.
1187 2379 1265 2410 g==
1220 2370 1330 2400 -sed
1351 2371 1462 2401 levior
1485 2373 1545 2410 est

844 2412 1028 2446 necessario.
1076 2413 1164 2444 D—
1121 2428 1164 2440 =
1187 2414 1240 2444 sed
1264 2415 1404 2446 leviore.
1452 2408 1543 2446 BGD

847 2473 893 2485 =
908 2460 1088 2499 defunctam
1109 2459 1180 2489 vid
1191 2467 1205 2488 e
1216 2459 1301 2489 bunl.
1349 2459 1444 2490 G—
1398 2474 1445 2488 =
1462 2461 1546 2492 voles

848 2505 971 2535 intueri.
1018 2512 1253 2545 g=moynas
1277 2504 1385 2535 vires.

894 2547 925 2579 5.
961 2549 994 2582 §R
1015 2570 1076 2590 ρ..
1098 2547 1182 2587 ἓΞιι
1202 2562 1247 2575 =
1267 2549 1402 2588 redegit
1429 2554 1546 2581 contra

849 2598 953 2624 mstos
975 2591 1076 2633 etiam
1097 2591 1156 2623 Gr.
1205 2593 1237 2626 {R
1249 2615 1257 2625 .
1273 2614 1283 2624 .
1299 2615 1310 2627 .
1323 2594 1356 2627 §23
1370 2608 1416 2621 =
1435 2597 1463 2626 el
1495 2595 1547 2633 sa-

850 2641 942 2669 ctum
965 2639 1042 2669 eius.
1076 2638 1247 2678 g=filios
1269 2641 1420 2676 gratos
1441 2639 1547 2671 dedis-

850 2685 923 2713 sel.·
954 2681 1150 2713 G=macri
1171 2691 1227 2712 me
1249 2683 1365 2716 maled.

896 2723 928 2757 6.
957 2726 1126 2757 D-mihi
1150 2732 1226 2768 post
1249 2728 1357 2760 Multo.

896 2781 959 2804 vox
981 2772 1093 2804 matris
1122 2773 1244 2804 videtur
1266 2773 1438 2806 animosior
1454 2787 1501 2802 =
1523 2774 1550 2805 B

1209 2816 1265 2859 25
