1812 3184
460 204 645 245 NATUR.
675 204 886 254 QUAEST.
918 204 1010 246 LIB.
1036 205 1109 252 vl,
1144 209 1208 245 11.
1234 209 1298 246 12.
1522 202 1604 248 651

163 329 255 361 un
282 329 341 360 m:
368 317 462 364 alto
497 317 675 374 pondus
713 318 851 361 eiecit.
922 315 1003 359 XI.
1047 314 1216 371 Quidam
1255 314 1412 371 ignibus
1452 316 1607 371 quidem

164 384 378 441 ‘adsignant
414 385 518 428 hunc
558 392 770 428 tremorem
785 416 797 437 ,
842 385 911 427 sed
950 384 1081 427 aliter.
1154 381 1259 426 Nam
1301 397 1388 424 cum
1432 383 1608 439 pluribus

164 452 263 503 loeis
288 454 495 506 fel-neam,
537 467 705 496 necesse
730 460 793 495 est
816 453 1017 508 ingentem
1047 464 1232 508 uaporem
1263 451 1351 493 sine
1382 451 1494 492 exilu
1524 451 1608 493 uol-

164 528 261 563 uant
278 521 352 578 ¹qni
375 521 414 564 ui
434 535 505 564 sua
529 512 706 578 spiritum
734 521 903 563 intendit
926 527 988 572 et,
1033 520 1068 561 si
1091 519 1221 561 acrius
1242 518 1388 570 instet,
1431 518 1610 573 opposita

164 587 341 641 diffindit,
373 589 409 631 si
433 603 530 632 uero
554 588 760 631 remissior
784 588 869 640 fuit,
902 587 996 629 nihil
1016 587 1181 643 amplius
1204 600 1318 642 quam
1342 593 1491 628 mouet.
1537 584 1609 628 Ui-

164 648 301 698 demus
322 670 463 712 aquam
485 670 668 712 spumare
689 656 782 711 igne
804 655 1006 697 subiecto:
1039 655 1140 710 quod
1162 654 1205 696 in·
1226 654 1300 695 hae
1318 667 1416 709 aqua
1439 653 1530 695 facit
1550 653 1610 694 in-

164 723 274 766 clusa
296 730 338 765 et
359 730 524 779 augusta
539 754 550 775 ‚
583 723 705 765 mullo
723 723 848 777 magis
868 723 974 764 illum
999 723 1129 764 facere
1150 722 1379 773 credamus,
1413 735 1501 762 eum
1524 721 1610 763 uio-

162 790 292 831 lentus
314 804 362 831 ae
386 796 523 831 uastus
545 790 728 844 ingentes
749 803 871 844 aquas
896 789 1060 830 excitat.
1123 788 1240 830 Tune
1265 789 1331 830 ille
1355 789 1611 844 uaporatione

163 855 432 901 fluctuantium
456 857 644 899 undarum
666 855 846 911 quicquid
864 855 1085 912 'pulsauerit
1105 855 1292 910 agitatur.
1351 854 1452 898 XII.
1487 854 1612 911 Spiri-

161 930 243 966 tum
273 937 365 966 esse
397 923 464 980 qui
495 917 654 965 moueat
683 931 724 965 et
752 923 927 979 plurimis
950 930 990 965 et
1012 923 1196 964 maximis
1220 923 1446 965 auctoribus
1468 923 1609 978 placet.

163 989 385 1033 Archelaus
410 991 653 1047 antiquitatis
677 991 842 1046 diligens
873 990 928 1031 ait
958 991 1033 1032 ita:
1085 989 1214 1033 Uenti
1235 992 1281 1032 in
1305 1004 1503 1033 concaua
1526 996 1611 1033 ter-

161 1071 314 1101 rarum
334 1057 608 1115 defevwztur.
654 1058 812 1101 deinde
830 1057 903 1100 nbi
921 1059 1007 1100 iam
1028 1059 1174 1100 omnia
1190 1059 1338 1112 spatia
1355 1059 1494 1113 plena
1513 1063 1611 1100 sunt

161 1131 203 1168 et
232 1127 278 1168 in
307 1131 510 1182 quantum
539 1139 621 1169 aer
645 1127 793 1182 ¹potuit
820 1126 1027 1167 densatus
1056 1129 1144 1177 est,
1182 1126 1220 1166 is
1249 1127 1322 1180 qui
1359 1127 1611 1180 superuenit

159 1194 342 1248 spiritam
359 1195 555 1249 priorem
573 1195 738 1249 premit
759 1198 810 1236 et·
823 1193 947 1235 elidit
965 1207 1021 1235 ae
1036 1192 1337 1248 frequentibus
1349 1193 1500 1248 plagis
1513 1195 1610 1248 pri-

160 1273 229 1303 mo
259 1263 399 1317 coyit,
439 1261 597 1304 deinde
630 1260 881 1316 perturbat.
944 1259 1067 1306 Tune
1104 1261 1180 1302 ille
1217 1273 1433 1316 quaerens
1469 1261 1609 1303 locum
1626 1276 1645 1304 2

161 1341 309 1371 omnes
326 1330 552 1384 angustias
571 1329 761 1370 dimouet
778 1333 820 1370 et
841 1329 1039 1370 claustra
1056 1342 1136 1370 sua
1154 1334 1341 1370 conatur
1359 1327 1611 1384 effl·in9ere.

160 1393 238 1441 Sic
257 1397 426 1448 enecuit,
465 1400 516 1455 ut,
542 1400 695 1438 terrae
726 1396 886 1450 spiritu
916 1396 1110 1437 luctante
1132 1400 1174 1436 et
1198 1394 1351 1450 suyam
1377 1400 1614 1450 quaerente

162 1467 430 1507 moueantur.
490 1463 643 1519 Itaque
663 1477 756 1505 cum
778 1468 928 1505 terrae
948 1467 1086 1505 motus
1103 1462 1281 1518 futurus
1302 1467 1391 1514 est,
1427 1475 1613 1517 praece-

162 1530 227 1573 dit
249 1532 370 1573 aeris
392 1532 694 1587 tranquillitas
715 1536 756 1572 et
778 1532 918 1586 quies:
955 1531 1185 1582 uidelicet,
1223 1532 1325 1586 quia
1345 1532 1413 1572 uis
1432 1532 1614 1585 spiritus

161 1612 272 1658 quae
291 1600 518 1644 concitare
538 1604 689 1641 uentos
709 1599 818 1639 solet
839 1599 883 1639 in
903 1597 1086 1655 ins'erna
1105 1598 1207 1640 sede
1224 1599 1450 1640 retinetur.
1489 1597 1532 1646 N
1536 1613 1610 1640 unc

160 1679 316 1721 quoque
338 1681 426 1708 oum
449 1666 512 1708 hio
534 1673 663 1708 motus
683 1665 723 1706 in
747 1663 965 1720 Campania
989 1666 1085 1718 fuit,
1129 1666 1307 1721 quamuis
1328 1666 1492 1707 hiberno
1513 1673 1610 1707 tem-

162 1747 257 1789 pore
287 1740 328 1775 et
358 1733 532 1789 inquieto
562 1747 633 1790 per
657 1732 884 1788 superiores
907 1733 990 1775 dies
1011 1733 1122 1775 coelo
1143 1747 1213 1774 aer
1234 1733 1358 1774 stetit.
1418 1731 1524 1788 Quid
1548 1746 1611 1775 er·
1628 1747 1645 1773 3

161 1826 238 1861 alto.
271 1824 618 1866 G(s.m.)·=etisum
637 1833 676 1856 ex
699 1825 774 1856 alto.
798 1821 859 1856 1³3.

161 1869 450 1902 4.===illusum
473 1878 512 1901 ex
535 1871 609 1901 allo.

202 1915 328 1955 pondus
351 1916 462 1948 eiecit
477 1929 522 1942 =
535 1915 582 1946 Ee
593 1911 651 1946 1²4.
719 1913 862 1948 Boas...

160 1959 250 1995 «Ἐξ
261 1961 387 2000 pondus
408 1961 527 1993 eflicit.
577 1958 649 1991 Col.
673 1973 719 1987 =
738 1960 863 1999 pondus

161 2006 295 2037 elisia

431 2060 512 2104 Cap.
535 2060 598 2092 XI.

207 2116 238 2149 G
249 2131 295 2145 =
305 2119 469 2159 assignant
491 2118 572 2149 hunc
594 2119 657 2148 ter
665 2126 683 2148 r
691 2126 709 2148 ο
717 2126 794 2148 rem.
837 2116 862 2147 B

161 2164 343 2195 =volvant
366 2164 421 2203 qui
443 2164 484 2194 in
506 2171 627 2194 suum
648 2163 794 2201 spiritum
813 2162 863 2192 in-

161 2208 298 2240 tendat.
344 2206 404 2240 1²3.
422 2203 456 2239 4.
476 2219 521 2234 =
544 2207 599 2248 qui
621 2207 663 2238 in
685 2215 745 2237 sua
767 2207 862 2245 spiri-

159 2250 226 2284 tum
248 2253 390 2286 intendit.
437 2251 508 2286 Col.
521 2265 568 2279 =
583 2263 618 2282 ω
642 2252 790 2292 spiritum
811 2252 862 2282 in-

159 2299 279 2330 cendit.

204 2346 244 2382 et,
265 2344 294 2374 si
315 2344 422 2374 aci-ius
444 2343 604 2374 instet=
616 2342 673 2372 Ee.
738 2341 763 2371 B
774 2354 821 2368 =
833 2344 862 2371 et

161 2388 189 2418 si
209 2396 286 2419 arv
298 2389 333 2418 is
355 2388 510 2418 institit.
558 2386 623 2421 θῇς
689 2385 780 2419 R=
792 2389 820 2417 et
835 2387 863 2416 si

161 2433 267 2463 aerim
288 2432 419 2463 institi
430 2434 451 2462 t.

205 2478 348 2516 opposita
371 2475 639 2516 diffindit=Ee
660 2474 701 2508 ci.
724 2473 816 2506 Pinc.

162 2520 222 2553 BG
236 2521 294 2552 Gr.
307 2521 340 2555 >13
352 2542 390 2554 ...
404 2522 437 2554 ³1⁸
446 2535 493 2548 =
504 2521 595 2561 din'u
604 2521 683 2552 ndit.
722 2520 747 2551 B
759 2534 804 2547 =
814 2530 863 2552 re-

159 2568 285 2599 missiov-
318 2567 464 2606 fuerit.
512 2567 536 2597 B
561 2579 606 2594 =
627 2574 715 2604 aqua
742 2566 865 2598 inclusa

160 2613 248 2652 facit.
294 2611 322 2643 B
336 2614 371 2648 4-
390 2612 475 2645 Tunc
498 2610 709 2651 quicquid
732 2611 783 2642 ille
806 2619 867 2642 va-

158 2657 332 2696 paratione.
377 2653 436 2688 1³3.
462 2655 535 2688 Col.
556 2657 590 2690 ffi
612 2669 658 2682 =
681 2657 865 2695 vaporatio-

159 2711 179 2734 n
190 2710 206 2733 e
215 2711 259 2733 m.
284 2697 342 2733 1²4.
350 2715 396 2728 =
405 2702 608 2741 vaporatione
622 2705 657 2732 et
666 2699 793 2743 aliquot
806 2711 864 2732 vo-

162 2756 215 2778 coe
239 2751 413 2789 praeterea
434 2745 591 2778 transilit.

203 2792 499 2831 fluctuantium
531 2791 745 2823 undarum
769 2805 816 2819 =
841 2791 865 2822 Β

162 2837 209 2868 Ee
224 2835 301 2868 mG.
375 2835 405 2867 G
418 2835 477 2868 Gr.
489 2836 589 2872 >8ss1.
601 2837 865 2870 -τ-ἰηυηααη-

909 1826 988 1856 tium
1021 1825 1192 1856 undarum.
1251 1823 1358 1856 Codd.
1382 1825 1461 1867 Ops.
1483 1838 1528 1851 =
1550 1826 1612 1865 rtu-

908 1872 1083 1901 ctuantium
1105 1879 1125 1900 a
1137 1879 1155 1909 q
1167 1878 1316 1901 uarum
1329 1868 1387 1912 ff).
1428 1868 1492 1904 (ἴ).
1503 1891 1514 1904 .
1528 1892 1538 1903 .
1552 1891 1564 1903 .
1576 1869 1611 1903 R

908 1916 1247 1947 =inundantium
1268 1923 1495 1955 aquarum.
1527 1914 1611 1946 B—

907 1961 1065 2000 quicquid.

955 2006 1119 2046 agitatur
1141 2018 1187 2032 =
1209 2004 1318 2036 BEeG
1342 2004 1400 2037 Gr.
1423 2005 1472 2039 58.
1508 2047 1511 2050 ἱ
1544 2003 1608 2039 (51.

910 2071 949 2084 ...
964 2050 1199 2091 ὁῗεαςίίαι.

1171 2116 1252 2159 Cap.
1275 2116 1356 2149 XII.

953 2163 979 2194 B
993 2179 1037 2187 —-
1046 2163 1093 2194 ita
1108 2165 1186 2206 poet
1201 2163 1258 2194 ait.
1286 2161 1336 2193 Ee
1348 2180 1391 2185 —
1405 2163 1512 2194 omnia
1531 2167 1610 2193 ante

907 2209 1024 2247 spatia.
1074 2207 1105 2239 G
1114 2222 1160 2236 =
1180 2208 1284 2247 spatia
1310 2208 1345 2247 pl
1356 2216 1378 2238 a
1387 2217 1430 2239 na
1452 2210 1535 2241 sunt.
1586 2207 1610 2238 B

906 2267 952 2280 =
964 2254 998 2284 in
1019 2256 1172 2292 quantum
1191 2254 1292 2292 potuit
1315 2261 1380 2284 aer.

952 2295 985 2328 2.
1011 2298 1038 2328 E
1053 2312 1097 2325 =
1114 2297 1168 2330 Τῦ
1187 2299 1240 2328 ille
1263 2306 1414 2336 quaerens
1436 2298 1548 2329 locum.
1584 2297 1610 2327 B

908 2341 988 2374 Brit.
1000 2344 1187 2374 =0mnia
1210 2343 1256 2372 ob
1268 2343 1443 2373 stacula
1466 2343 1611 2372 dimovet.

909 2387 939 2418 G
952 2401 998 2414 =
1008 2390 1035 2418 et
1058 2397 1074 2419 c
1083 2396 1104 2418 a
1113 2397 1128 2418 s
1138 2389 1175 2418 tr
1184 2395 1205 2416 a
1228 2395 1288 2417 sua
1311 2389 1443 2417 conatur
1466 2387 1612 2426 effrinye-

906 2442 951 2464 re.
999 2432 1023 2462 B
1048 2449 1091 2456 —
1111 2435 1138 2463 et
1161 2432 1247 2471 quies
1276 2436 1354 2472 post
1387 2431 1610 2475 tranquillitas.

910 2478 935 2508 B
948 2490 994 2504 =
1007 2477 1149 2508 videlicet
1170 2485 1189 2515 q
1197 2485 1220 2506 u
1228 2485 1248 2506 a
1258 2485 1291 2506 m
1301 2484 1321 2506 v
1331 2477 1366 2507 is
1390 2477 1519 2515 spiritus
1541 2485 1561 2514 q
1569 2477 1612 2506 ui

909 2523 1072 2554 concitare.
1120 2521 1167 2553 Ee
1179 2517 1237 2552 1³4.
1261 2519 1332 2551 Col.
1352 2535 1398 2548 =
1417 2522 1452 2551 in
1481 2521 1613 2560 inferni

909 2568 991 2599 sede.
1038 2566 1138 2601 QOEI.
1159 2580 1205 2594 =
1227 2566 1358 2605 inferni
1380 2566 1451 2597 sede
1477 2575 1542 2596 orn.
1567 2566 1611 2596 in.

912 2610 970 2644 1’3.
983 2626 1029 2639 =
1042 2614 1074 2643 in
1096 2612 1177 2651 infer
1187 2622 1208 2643 n
1221 2612 1231 2642 ἰ
1254 2611 1308 2642 sed
1318 2619 1333 2642 e
1343 2620 1369 2643 s.
1419 2611 1442 2640 B
1454 2624 1500 2637 =
1510 2611 1543 2642 in
1563 2611 1612 2642 in-

911 2658 1008 2697 ferni
1031 2658 1145 2689 sedes.
1183 2656 1208 2687 B
1220 2670 1263 2683 =
1276 2657 1308 2687 in
1331 2656 1508 2696 inferiori
1527 2655 1609 2687 sede.

955 2712 972 2734 r
982 2711 997 2733 e
1007 2704 1120 2733 tinetur
1130 2715 1174 2728 =
1188 2701 1261 2732 BEe
1270 2700 1319 2731 sG
1342 2699 1428 2732 Scal.
1452 2698 1555 2733 Trist.

913 2747 978 2782 Gffi
992 2769 1031 2782 ου
1044 2747 1077 2782 R
1089 2761 1135 2774 =
1152 2747 1339 2778 detinetur.

955 2789 988 2824 3.
1014 2793 1039 2823 Β
1053 2793 1148 2833 (sm)
1162 2808 1203 2816 —-
1216 2794 1244 2823 et
1267 2792 1411 2831 inquieto.

954 2846 1011 2877 per
1034 2838 1206 2878 superiores
1229 2836 1298 2868 dies*
1325 2845 1342 2868 e
1354 2845 1371 2869 ο
1381 2846 1396 2868 e
1407 2837 1417 2868 l
1427 2845 1445 2868 o
1480 2844 1534 2868 aer
1557 2838 1616 2868 ste-
