1812 3184
460 187 644 229 NATUR.
678 188 888 239 QUAEST.
921 188 1015 229 LIB.
1042 189 1113 237 VI,
1149 194 1213 230 16.
1479 190 1562 234 657

102 301 498 358 adh-evargumentis
521 315 612 358 ago.
675 301 824 345 Totum
844 302 916 344 hoc
939 302 1091 345 coelum
1117 303 1219 358 quod
1238 301 1380 357 igneus
1404 303 1556 355 aether,

100 369 235 420 mnndi
255 382 408 412 summa
431 383 548 426 pars,
581 370 752 425 claudit,
787 385 925 413 omnes
953 371 1026 413 hae
1051 370 1190 412 stellae
1213 383 1376 427 quarum
1404 370 1556 412 definiri

102 432 187 481 nnn·
212 444 346 495 potest
373 451 586 491 numerus,
629 439 756 481 omnis
786 439 849 481 hie
879 439 1108 481 coelestium
1139 445 1276 480 coetus
1305 444 1372 489 et,
1414 445 1456 479 ut
1478 438 1556 480 alia

101 512 372 563 praeteream,
403 506 467 549 hie
488 513 564 548 tam
585 521 705 563 prope
725 521 748 549 a
770 507 884 550 nobis
905 521 1027 563 agens
1049 521 1206 549 cursum
1230 505 1316 558 sol,
1349 506 1453 547 omni
1477 513 1555 547 ter-

99 588 232 616 rarum
254 574 402 616 ambitu
430 589 511 616 non
541 575 664 617 semel
686 575 839 628 maior,
882 575 1109 617 alimentum
1133 588 1189 616 ex
1211 581 1370 617 terreno
1395 574 1555 615 trahunt

100 649 138 683 et
167 641 274 684 inter
301 656 347 684 se
375 642 598 698 partiuntur
638 656 712 684 nee
738 643 816 684 ullo
845 643 921 685 alio
950 643 1103 685 scilicet
1130 656 1244 698 quam
1269 641 1392 683 halitu
1425 648 1550 683 terra-

98 723 186 763 rum
212 709 476 752 sustinentur.
537 709 611 751 hoo
639 710 717 751 illis
747 710 1001 762 alimentum,
1045 710 1106 751 hie
1143 717 1278 765 pastus
1317 715 1393 751 est.
1452 708 1582 751 Nous

97 783 234 833 posset:
257 784 389 818 autem
417 783 498 818 tam
528 777 651 818 multa
681 784 868 832 tantoque
898 791 942 819 se
964 778 1050 834 ipsa
1075 778 1226 819 maiora
1253 777 1429 829 nutrire,
1471 777 1550 818 nisi

97 843 212 899 plena
246 850 356 898 esset
379 844 535 886 animae
561 858 675 898 quam
699 858 770 900 per
792 845 893 886 diem
916 859 962 886 ac
984 852 1138 887 noctem
1157 845 1205 886 ab
1227 844 1407 886 omnibus
1430 845 1550 900 parti-

95 910 171 953 bus
191 910 253 953 sui
274 911 415 953 fundit.
475 909 586 953 Fieri
604 911 709 953 euim
728 927 809 955 non
830 919 974 968 potest,
1006 919 1050 954 ut
1069 927 1149 954 non
1169 913 1331 954 multum
1351 911 1389 953 ei
1409 926 1549 968 super-

98 977 151 1020 sit
169 991 225 1020 ex
240 975 315 1034 qua
336 985 486 1024 tantum
509 979 654 1035 petitur
673 993 719 1021 ac
742 980 931 1022 sumitur:
965 987 1005 1021 et
1024 981 1071 1021 ad
1094 988 1246 1036 tempus
1267 979 1421 1034 quidem
1444 981 1548 1035 quod

98 1052 220 1088 exeat
242 1046 431 1088 nascitur.
491 1046 582 1088 Nee
606 1047 711 1088 enim
735 1055 843 1089 esset
863 1048 1047 1103 perennis
1070 1047 1125 1088 illi
1148 1047 1258 1103 copia
1280 1047 1484 1088 suffecturi
1504 1047 1547 1089 in
1564 1056 1582 1083 4

97 1120 157 1155 tot
184 1114 373 1156 coelestia
406 1114 593 1171 spiritus,
637 1115 713 1156 nisi
738 1115 907 1157 inuicem
931 1115 1008 1157 ista
1034 1121 1295 1157 excurrerent
1318 1121 1359 1155 et
1380 1114 1421 1155 in
1442 1114 1548 1156 aliud

96 1181 173 1223 alia
195 1182 462 1224 soluerentur.
524 1181 606 1225 Sed
637 1190 768 1224 tamen
798 1197 964 1225 neeesse
993 1190 1055 1225 est
1083 1183 1256 1224 abundet
1283 1196 1329 1223 ae
1355 1181 1471 1238 plena
1498 1182 1552 1224 sit

99 1256 141 1291 et
169 1263 224 1291 ex
257 1250 415 1292 condito
447 1251 638 1306 proferat.
698 1250 795 1293 Non
828 1257 890 1293 est
916 1265 1012 1306 ergo
1041 1251 1221 1303 dubium,
1265 1249 1359 1306 quin
1385 1250 1549 1292 multum

99 1316 261 1373 spiritns
289 1317 412 1359 lateat
440 1318 545 1360 intus
569 1325 609 1359 et
629 1331 750 1361 caeca
771 1318 843 1360 sub
865 1325 971 1360 terra
992 1318 1116 1374 spatia
1139 1333 1208 1359 aer
1230 1318 1331 1359 latus
1354 1317 1545 1360 obtineat.

100 1382 216 1440 Quod
240 1384 276 1426 si
298 1398 438 1427 uerum
460 1392 547 1438 est,
578 1399 744 1427 necesse
765 1393 827 1427 est
846 1386 886 1427 id
907 1399 1026 1441 saepe
1048 1392 1253 1427 moueatur
1274 1386 1376 1440 quod
1397 1399 1444 1427 re
1465 1400 1549 1427 mo-

98 1452 288 1495 bilissima
310 1452 469 1509 plenum
491 1459 567 1495 est.
626 1450 829 1508 Numquid
852 1453 957 1495 enim
982 1453 1138 1494 dubium
1161 1466 1252 1494 esse
1275 1452 1453 1508 cuiquam
1481 1467 1550 1508 po-

100 1526 201 1573 test,
245 1520 339 1576 quin
374 1520 472 1562 nihil
509 1521 562 1563 sit
586 1527 666 1562 tam
698 1521 913 1576 inquietum
948 1535 1076 1576 quam⁴
1100 1534 1194 1573 aer,
1238 1527 1318 1562 tam
1350 1520 1550 1562 uersabile

148 1621 286 1653 quarum
317 1612 505 1652 definiri
535 1621 599 1644 mm
621 1615 720 1652 potest
740 1622 802 1644 nu-

102 1666 207 1690 merus
215 1671 262 1685 ·==
272 1657 319 1689 Ee
330 1655 435 1689 Trist.
453 1657 570 1701 (Ee=
581 1658 603 1689 d
612 1659 624 1689 i
634 1658 650 1698 f
656 1659 673 1698 s
679 1656 779 1699 iniri).

104 1702 164 1734 BG
177 1700 666 1744 Gr.³13...(5ffi2.=quarum
683 1704 803 1734 inve-

105 1749 174 1780 niri
195 1757 259 1780 non
282 1750 381 1788 potest
401 1758 435 1780 π.
482 1748 588 1790 Bong.
610 1758 649 1779 ex
671 1746 741 1778 Cui.
757 1747 802 1781 ⁵2)ae

106 1815 115 1826 .
131 1791 365 1828 ..ffihffiuss
381 1807 428 1821 =
442 1802 578 1834 quarum
608 1794 717 1824 iniri
741 1802 805 1824 non

101 1840 200 1878 polest
222 1848 254 1871 n.
299 1837 326 1869 B
340 1839 444 1871 -ln‘c
466 1844 544 1870 ante
566 1839 752 1870 coelestium.
786 1847 804 1867 e

105 1899 150 1907 —
171 1887 201 1916 et
223 1887 301 1919 ante
322 1885 358 1915 ut
380 1884 458 1915 alia.
507 1883 595 1915 G=
608 1886 710 1915 coetus
733 1885 805 1913 aut

104 1929 183 1962 alia,
227 1929 254 1960 B
274 1942 322 1956 =
339 1937 436 1969 prope
457 1938 555 1969 ayens
577 1938 598 1960 a
625 1929 722 1960 nobis.
771 1927 802 1958 G

105 1987 152 2001 π
173 1974 223 2006 hic
250 1973 280 2015 [s
303 1973 385 2017 tam]
410 1983 432 2005 a
454 1975 543 2006 nobis
565 1983 661 2014 agens
695 1982 805 2004 cursu

106 2020 153 2052 sol
175 2020 293 2051 omnis
315 2017 398 2060 (hoc
418 2029 464 2051 cr.
481 2021 552 2055 ω).
602 2017 674 2050 Col.
688 2032 732 2044 =
745 2019 805 2048 ali-

105 2067 242 2096 mentum
266 2073 305 2095 σω
336 2065 452 2096 terris
483 2065 622 2096 trahunt.
668 2063 804 2094 Memm.

106 2123 153 2137 =
169 2110 337 2141 alimenta
370 2112 550 2141 externa
572 2109 708 2140 trahunt.
757 2109 806 2138 Ο-

107 2164 203 2198 psop.
218 2152 259 2186 ci.
276 2167 323 2181 =
340 2155 511 2186 alimenta
532 2163 572 2186 ex
599 2156 686 2185 terr
697 2162 716 2184 a
740 2156 806 2184 tra-

106 2200 194 2232 hunt.
237 2199 266 2230 B
287 2212 333 2227 =
353 2208 450 2239 quam
471 2200 594 2231 habitu
618 2199 807 2230 sustinentur

107 2248 272 2277 terrarum.
319 2244 518 2284 G=quam
540 2244 639 2275 alilu
661 2246 682 2274 t.

152 2287 186 2322 3.
211 2289 285 2320 Β-
300 2292 405 2321 autem
428 2294 506 2331 post
527 2290 596 2321 Non
615 2290 728 2328 posset.

153 2337 316 2376 tantoque
337 2343 369 2366 se
390 2336 463 2374 ipsa
485 2335 612 2365 maiora
632 2334 808 2364 nutrire:

109 2380 156 2411 Ee
167 2379 228 2411 sG.
297 2380 401 2421 Bong.
425 2378 519 2410 Grut.
542 2377 581 2409 ci.
606 2381 640 2414 -Ι-
666 2380 810 2416 tantoque

109 2433 141 2456 se
153 2425 226 2463 ipsa
241 2426 366 2455 maiora
384 2426 502 2455 terra
517 2424 645 2454 nutrire.
671 2421 701 2452 G
712 2439 756 2445 —
768 2430 810 2452 se.

109 2467 169 2501 1²3.
183 2483 228 2496 =
240 2471 386 2509 tantoque
408 2477 439 2499 se
460 2469 532 2507 ipsa
552 2469 680 2498 nutrire.
718 2467 750 2500 §13
764 2479 810 2493 =

111 2516 257 2554 tantoque
278 2522 310 2545 se
333 2515 406 2554 ipsa
436 2521 553 2544 mora
574 2513 703 2543 nutrire.
753 2510 811 2542 BG

110 2557 170 2590 P-l-
189 2557 253 2593 (21.
266 2580 297 2592 0.
311 2558 423 2592 ..ςῖπ
439 2560 603 2597 tantaque
627 2559 663 2588 et
686 2558 812 2596 seipsa

112 2605 238 2635 maiora
261 2606 380 2635 terra
402 2605 532 2635 nutrire.
582 2600 653 2633 Col.
675 2616 719 2629 =
742 2604 813 2633 tan-

113 2652 219 2689 taque
241 2657 273 2680 se
295 2650 373 2688 ipso
395 2649 532 2679 maiora.

155 2702 212 2734 per
234 2694 319 2725 diem
341 2702 387 2725 ac
408 2696 526 2725 noctem
545 2705 591 2719 =
608 2691 712 2723 BEeG
726 2692 757 2725 ἓξ
772 2711 812 2725 w

114 2739 154 2773 (Ξ.
224 2738 496 2777 Θ...,ῗΐ-τῃεν
519 2738 603 2769 diem
626 2740 663 2768 et
685 2739 815 2768 noctem.

114 2777 125 2789 ⁹
159 2785 200 2816 ab
223 2785 366 2816 omnibus
386 2783 530 2824 partibus
554 2783 620 2814 sui
644 2782 748 2822 fundit
770 2795 816 2808 =

186 2883 323 2910 Senecae
343 2890 390 2918 op.
411 2880 458 2909 ed.
478 2881 601 2909 Fickert
622 2880 673 2907 ΙΙΙ.

266 2828 369 2861 Ee=
381 2830 421 2860 ab
442 2829 585 2859 omnibus
606 2828 750 2867 partibus
767 2827 817 2858 sui

846 1614 889 1653 [u
898 1613 954 1644 dit.
1001 1613 1026 1643 B
1041 1626 1087 1639 =
1110 1613 1150 1642 ab
1172 1612 1316 1644 omnibus
1338 1612 1426 1643 suis
1446 1613 1549 1652 parti-

849 1659 905 1689 bus
926 1658 1040 1697 fundit.
1088 1655 1151 1690 (51.
1166 1679 1176 1689 .
1189 1679 1200 1690 .
1214 1679 1224 1690 .
1238 1656 1271 1691 ST
1283 1670 1329 1684 =
1343 1658 1384 1688 ab
1407 1658 1549 1689 omnibus

845 1704 991 1742 partibus
1014 1704 1103 1733 suis
1125 1702 1240 1741 fundit.
1585 1730 1587 1732 ,

894 1748 932 1779 ei
954 1748 1086 1786 supersit
1099 1761 1143 1773 =
1156 1746 1214 1777 Ee.
1285 1745 1344 1778 BG
1357 1747 1390 1781 58
1402 1768 1441 1781 ...
1454 1746 1488 1782 R
1503 1760 1548 1774 =

848 1794 924 1824 illi
944 1793 1086 1832 supersit.
1112 1792 1136 1822 B
1146 1805 1192 1818 =
1203 1800 1242 1823 ex
1257 1800 1322 1831 qua
1339 1794 1462 1823 tantum
1479 1801 1501 1832 p
1511 1801 1549 1823 a·

848 1839 924 1869 titur
956 1840 992 1868 et
1024 1834 1168 1868 sumitur.
1214 1836 1241 1867 B
1260 1853 1306 1860 —
1325 1837 1456 1876 quidem,
1474 1842 1551 1879 post

849 1883 893 1914 ad
917 1885 1047 1922 tempus.

895 1926 927 1959 4.
953 1937 1100 1959 e=non
1123 1927 1204 1958 enim
1226 1929 1311 1958 esset.
1347 1927 1371 1957 Β
1384 1944 1427 1950 -
1440 1928 1473 1959 in
1490 1937 1549 1959 au-

850 1979 885 2005 te
908 1976 951 2004 tot
974 1973 1127 2004 coelestia.
1176 1972 1207 2003 G
1220 1972 1316 2012 (sco)
1329 1985 1376 1999 =
1390 1973 1454 2004 ista
1477 1973 1498 2004 d
1508 1982 1523 2004 e
1536 1991 1548 1996 -

849 2021 1024 2051 currerent.
1071 2016 1347 2057 G(soe)=Nec
1371 2020 1474 2049 tamen
1496 2026 1551 2050 ne-

850 2072 930 2095 cesse
953 2066 1007 2094 est.
1056 2063 1181 2094 B=et
1199 2064 1293 2102 plena
1315 2063 1365 2093 sic.

895 2109 1028 2140 multum
1050 2109 1178 2147 spiritus
1200 2109 1338 2138 lateat
1368 2108 1484 2138 intus
1505 2121 1551 2134 =

853 2153 913 2184 EG
926 2152 984 2184 Gr.
998 2153 1030 2187 §B
1043 2174 1081 2187 0..
1095 2153 1152 2186 24.
1216 2152 1241 2182 B
1253 2165 1299 2177 =
1309 2152 1443 2183 multum
1455 2153 1551 2192 spiri-

852 2202 900 2230 tus
911 2200 994 2229 intus
1007 2198 1112 2228 lateat.
1159 2197 1262 2238 Bong.
1276 2207 1315 2227 ex
1331 2195 1400 2227 Cui.
1414 2196 1550 2228 Memm.

852 2245 923 2277 (thro
937 2266 947 2277 .
961 2266 970 2276 .
983 2265 994 2277 .
1005 2242 1038 2276 ,ἢ
1050 2256 1095 2269 =
1107 2243 1241 2273 mullum
1260 2242 1390 2281 spiritus
1410 2243 1473 2273 int
1484 2251 1499 2273 e
1509 2251 1527 2274 r
1538 2259 1552 2265 -

852 2290 974 2320 lateat.
1021 2286 1149 2318 Koeler
1166 2285 1205 2317 ci.
1219 2295 1331 2317 =aer
1353 2287 1474 2318 latens
1498 2288 1552 2318 ob-

852 2335 959 2364 tineat.
1007 2333 1090 2363 E=
1112 2333 1274 2371 optineat.
1322 2330 1347 2360 B
1369 2345 1413 2357 =
1434 2339 1554 2363 necesse

853 2380 897 2409 est
919 2386 1022 2417 erqo
1044 2378 1078 2408 id
1101 2378 1235 2415 ipsum
1257 2384 1318 2414 quo
1331 2384 1364 2406 re
1388 2376 1554 2407 mobilissi-

854 2431 907 2453 ma
929 2423 1057 2461 plenum
1078 2424 1132 2452 est.
1179 2418 1237 2452 1’3.
1256 2425 1290 2456 -t-
1304 2428 1424 2452 necesse
1446 2423 1490 2451 est
1511 2422 1555 2451 ut

853 2467 889 2497 id.
911 2475 1002 2506 saepe
1025 2469 1198 2497 moveatur.
1245 2461 1300 2496 1³4.
1320 2468 1354 2501 ÷
1371 2474 1489 2497 necesse
1511 2466 1557 2496 est

855 2512 889 2542 id
911 2520 1003 2550 saepe
1026 2514 1068 2542 ut
1090 2512 1229 2551 ipsum
1251 2513 1424 2542 moveatur.
1465 2510 1498 2544 §23
1511 2523 1557 2538 τε

857 2565 889 2588 re
911 2557 1131 2588 nobilissima.

903 2602 1051 2641 cuiquam
1073 2604 1170 2641 potest
1182 2615 1226 2627 =
1237 2600 1321 2631 BEe.
1395 2599 1461 2634 G93
1473 2621 1512 2634 ...
1524 2599 1558 2634 ,R

858 2661 902 2673 ==
917 2649 1015 2686 potest
1037 2648 1195 2686 cuiquam.
1242 2643 1341 2687 Apud
1365 2644 1394 2675 G
1421 2646 1498 2685 quin
1525 2643 1558 2675 in

858 2691 908 2723 lit.
958 2690 987 2721 G
1002 2693 1098 2731 (sos)
1114 2709 1153 2714 -—
1169 2692 1208 2722 sit
1232 2696 1309 2732 post
1331 2691 1421 2722 nihil.
1469 2689 1494 2720 B
1519 2706 1560 2713 —-

861 2740 927 2768 tam
950 2741 1028 2767 ante
1050 2737 1233 2776 inquietum.

906 2784 972 2812 tam
995 2782 1146 2813 versabile
1169 2794 1214 2807 =
1230 2779 1337 2812 BEeG
1352 2779 1410 2811 Gr.
1423 2778 1493 2814 ffi2.

863 2827 896 2860 ’Β
911 2848 946 2861 ...
959 2826 1028 2860 ΞΒῙ.
1042 2827 1097 2860 §itu
1111 2825 1143 2859 ,ςῗ
1165 2829 1198 2863 -ι-
1215 2828 1249 2856 et
1273 2828 1338 2856 tam
1359 2825 1520 2856 versabile.

1221 2868 1276 2911 4⁶2
