1812 3184
271 192 350 233 110

824 192 892 232 AD
923 192 1156 234 MARClAM

268 300 403 343 mirari
427 302 578 356 possis:
623 302 772 344 uidebis
794 295 965 359 primum
993 303 1115 359 ipsam
1139 303 1303 345 insulam
1328 304 1377 346 ab
1397 303 1511 347 ltalia
1535 311 1703 362 anguem

267 368 531 410 interscissam
557 369 656 410 freto
682 383 794 424 quam
820 370 1034 412 continenti
1061 371 1254 426 quondam
1279 368 1504 415 cohaesisse
1530 379 1699 415 constat.

265 434 434 478 subitum
461 435 529 478 illo
559 449 666 478 marc
695 437 841 493 inrupit
870 444 910 479 et

537 502 794 558 Hesperium
823 503 974 546 Simalo
1003 505 1117 547 latus
1145 503 1339 547 abscidit.

267 568 406 612 deinde
431 569 581 612 uidebis
603 570 753 626 (licebit
775 571 878 612 enim
900 572 967 613 tibi
991 572 1260 613 auidissimum
1286 573 1407 614 maris
1431 572 1699 616 uerticemm-

266 636 480 692 stringere)
499 643 660 678 stratam
676 637 780 679 illam
799 639 1013 680 fabulosam
1027 637 1280 695 Charybdim,
1304 635 1485 695 quamdiu
1501 639 1550 682 ab
1563 647 1699 683 austro

270 747 342 780 Col.
361 749 483 784 le=
495 758 574 789 quae
597 751 707 782 mirari
726 752 879 791 possint.
929 751 959 782 G

267 794 297 827 V
315 807 362 822 =
383 803 462 833 quae
480 795 591 826 mirari
620 799 787 834 possunt.
833 795 891 828 1²3.
913 811 959 824 =

265 847 346 879 quae
366 839 539 871 admirari
555 843 720 879 possunt.
765 841 796 872 D
815 854 861 868 ==
881 851 960 882 quae

268 884 383 915 mirari
412 886 539 923 potes.
588 882 651 919 al.
665 907 676 919 .
690 907 700 919 .
714 907 724 920 .
739 886 792 920 §Bo
811 898 861 917 ω.
907 887 959 930 Vg

266 942 311 955 =
319 929 371 967 pri
381 936 412 959 m
421 937 438 959 ο
461 930 574 968 ipsam.

312 974 414 1004 inters
424 974 554 1004 cissam
571 987 617 1000 =
638 974 679 1005 A.
749 974 778 1006 D
791 977 901 1017 (sm.)
913 990 959 1003 =

266 1018 487 1050 interscisam.
535 1017 684 1059 D(p.m.)
702 1018 858 1061 BGng
881 1042 891 1054 0
913 1043 925 1055 0
947 1018 967 1055 0⁷

267 1063 321 1097 §Bo
342 1075 389 1089 ==
407 1063 630 1093 intercisam.
678 1064 709 1097 π
729 1085 740 1097 ,
763 1086 773 1098 ,
797 1086 808 1098 ,
830 1064 893 1098 al.
914 1079 959 1092 =

265 1115 362 1146 quam
382 1107 422 1138 in
443 1107 611 1148 continenti
624 1108 783 1146 quondam
805 1111 960 1141 cessis-

267 1159 308 1182 se
331 1148 499 1193 (m&1.=
511 1159 532 1181 a
553 1150 660 1192 cont.).
705 1149 881 1193 P2.(moe)
895 1153 959 1188 (ξῖ.

266 1209 311 1222 =
323 1204 420 1235 quam
439 1195 604 1226 continenti
623 1197 782 1234 quondam
807 1199 918 1229 cessi
929 1207 959 1229 s-

267 1248 307 1272 se
333 1238 700 1283 (ma2.=iunctam
722 1241 837 1284 esse).
871 1241 958 1274 Rell.

266 1283 367 1316 etiam
377 1283 467 1315 Pinc.
481 1283 596 1322 (ἔμω.
624 1283 709 1315 G=
719 1286 834 1317 subito
851 1288 886 1318 ill
896 1297 959 1318 um

266 1338 363 1361 mare.
411 1328 523 1360 Germ.
545 1329 576 1362 :v
586 1349 599 1362 .
612 1350 623 1363 .
637 1351 647 1362 .
661 1327 780 1363 a2.=
792 1332 871 1362 subit
882 1341 899 1362 ο
920 1333 959 1362 il-

268 1375 331 1405 lud
353 1382 451 1405 mare.
497 1370 555 1405 P2.
567 1375 756 1405 =subitum
778 1376 873 1407 illud
888 1385 958 1407 ma-

265 1427 310 1450 re.
356 1418 382 1448 B
399 1432 443 1444 =
463 1419 634 1456 irrumpit.
683 1417 776 1450 Grut.
808 1430 848 1450 ex
883 1419 956 1454 (82.

265 1461 352 1494 male
370 1461 483 1494 laudat
507 1464 622 1501 erupit
642 1467 676 1493 et
699 1461 746 1494 ait
770 1463 957 1495 consentire

264 1506 323 1539 122.
370 1518 392 1549 g
413 1521 460 1535 =
481 1515 673 1546 asperum
697 1508 813 1539 Siculo.
859 1510 891 1543 z
911 1522 957 1536 =

265 1561 342 1592 exp
352 1562 367 1584 e
377 1561 465 1584 rum
489 1552 603 1582 Siculo.
652 1553 683 1585 z
697 1566 743 1580 =
760 1554 904 1592 hesperu
914 1563 956 1585 m.

309 1599 442 1629 licebit
464 1597 546 1628 enim
563 1609 610 1623 =
631 1595 858 1639 BADgP3-332
879 1620 889 1632 .
912 1620 922 1631 .
944 1620 956 1633 .

265 1639 324 1676 24.
394 1640 464 1672 Col.
486 1639 545 1672 1²4.
569 1641 639 1674 (51¹0
657 1664 668 1675 .
682 1663 693 1675 .
707 1662 719 1675 .
733 1643 787 1676 §130
807 1656 853 1669 =
874 1644 958 1674 licet

264 1687 357 1718 enim.
406 1686 604 1717 G=licebit
627 1687 683 1717 tibi
701 1696 765 1717 om.
787 1689 879 1718 enim.
926 1687 957 1719 V

263 1745 308 1758 =
327 1732 446 1763 videbis
467 1728 610 1773 [P2.*=j
634 1732 836 1763 celebrem
858 1734 896 1763 et
919 1741 956 1763 a-

261 1776 470 1808 vidissimum.
519 1773 589 1805 Col.
602 1788 648 1802 =
661 1776 716 1806 tibi
738 1785 779 1807 av
789 1777 801 1807 i
812 1777 834 1808 d
844 1786 859 1808 e
868 1786 910 1808 m.

306 1822 449 1852 verticem
467 1820 682 1859 restringere)
704 1823 892 1852 stratam
917 1822 956 1852 il-

263 1867 329 1897 lam
359 1866 536 1905 fabulosam
563 1865 753 1901 Charybdim
762 1888 772 1904 ,
807 1874 826 1904 q
836 1875 858 1896 u
869 1874 889 1895 a
899 1874 933 1908 m
943 1882 957 1888 -

262 1911 334 1941 diu
355 1911 395 1940 ab
424 1911 530 1940 austro
552 1911 699 1947 vacat,
732 1912 766 1940 at
796 1910 823 1940 si
855 1910 955 1949 quid

261 1955 334 1986 inde
355 1953 645 1985 vehementius
666 1954 819 1992 spiravit,
842 1962 955 1993 magno

263 2000 350 2030 hiatu
370 2012 416 2024 =
436 1998 540 2038 Bong.
560 2002 594 2027 et
615 1995 661 2028 ita
683 1997 753 2028 fere
773 1997 891 2039 optimi
910 1997 956 2029 li-

262 2041 324 2074 bri.
371 2043 399 2074 A
412 2056 454 2068 =
465 2043 607 2073 verticem
624 2044 805 2082 restringere
823 2046 954 2074 stratam

263 2089 353 2119 illam
384 2088 561 2127 fabulosam
595 2087 763 2118 charibdi
795 2097 814 2117 a
825 2097 954 2127 quam.

262 2133 318 2163 diu
339 2135 433 2163 vacat
457 2131 542 2172 [s.m.
564 2132 758 2172 vocatam]
783 2135 815 2162 at
836 2133 863 2163 si
879 2133 955 2171 quid

262 2177 334 2208 inde
348 2177 553 2207 vehementius
568 2176 700 2213 spiravit
719 2185 833 2215 magno
854 2177 952 2207 hiatu.

263 2222 289 2252 B
309 2234 356 2248 =
375 2221 519 2252 verticem
541 2220 722 2259 restringere
742 2230 758 2251 c
769 2229 786 2251 o
796 2231 816 2252 n
826 2230 841 2251 s
851 2223 863 2251 t
872 2222 883 2251 i
891 2223 901 2251 t
910 2230 930 2251 u
940 2238 955 2245 -

263 2269 347 2297 tam
376 2266 464 2296 illam
493 2265 670 2304 fabulosam
702 2265 875 2304 Charybdi
908 2274 929 2295 a
941 2282 955 2288 -

263 2319 382 2350 quam
401 2311 461 2350 =diu
483 2310 523 2339 ab
543 2310 649 2339 austro
667 2312 848 2340 vocatam.
873 2312 906 2340 at
927 2310 954 2340 si

263 2357 345 2395 quit
362 2356 434 2386 inde
453 2354 659 2385 vehementius
679 2355 811 2392 spiravit
838 2363 954 2394 magno

261 2401 358 2431 hiatu.
407 2399 492 2430 (ἔν-τ.-
505 2399 647 2429 verticem
669 2400 849 2438 restringere
871 2401 954 2429 stra-

262 2448 353 2476 ctam
371 2446 461 2476 illam
481 2444 659 2483 fabulosam
677 2444 897 2475 Caribdim
917 2451 953 2473 α-

261 2498 385 2529 quam
406 2490 463 2520 diu
492 2489 531 2518 ab
554 2490 660 2518 austro
689 2489 952 2519 vacaturam.

262 2537 296 2565 at
320 2535 348 2565 si
379 2534 456 2573 quid
486 2533 558 2564 inde
586 2532 791 2563 vehementius
821 2533 954 2571 spiravit

261 2587 375 2618 magno
404 2579 529 2616 hyatu.
575 2576 606 2607 V
625 2589 671 2604 =-
690 2578 834 2608 verticem
856 2586 953 2607 con-

260 2625 406 2661 stringere
421 2625 552 2653 stratam
572 2622 661 2652 illam
682 2622 858 2661 fabulosam
871 2622 953 2652 Cha-

261 2668 384 2705 rybdim
411 2675 561 2705 aquam
593 2667 649 2697 dtu
666 2667 708 2697 ab
729 2669 834 2696 austro
854 2674 951 2696 vaca-

261 2714 356 2742 tam.
391 2713 423 2740 at
457 2713 484 2741 si
514 2713 599 2749 quis
623 2712 695 2743 inde
717 2713 865 2742 ventus
887 2711 951 2750 spi-

259 2756 343 2787 ravit
375 2755 463 2786 hiatu
494 2763 618 2794 magno.
675 2756 706 2787 D
733 2769 779 2783 ==
807 2756 951 2786 verticem

260 2800 486 2839 constringere
507 2801 640 2830 stratam
663 2802 752 2832 illam
773 2801 951 2840 fabulosam

1004 752 1203 792 caripdis
1235 762 1391 793 aquam
1424 754 1481 785 diu
1512 753 1552 785 ab
1590 756 1697 787 austro

1005 800 1251 829 vocaturum
1277 797 1337 839 [cr.
1359 797 1591 839 vacaturam]
1615 801 1656 830 at·
1669 799 1697 831 si

1004 843 1091 881 quis
1112 841 1172 882 [cr.
1189 841 1278 885 quid]
1302 843 1374 874 inae
1394 843 1599 875 vehementius
1629 844 1694 883 tpi-

1003 887 1087 917 ravit
1102 895 1217 926 magno
1231 887 1328 918 hiatu.
1352 897 1373 928 g
1383 888 1429 914 -—-²
1439 888 1583 918 verticem
1603 896 1620 918 c
1631 896 1650 919 o
1658 897 1694 919 n-

1003 931 1151 970 stringere
1170 934 1302 962 stratam
1319 933 1410 965 ittam
1429 931 1607 972 fabulosam
1624 932 1694 964 Ca-

1002 976 1143 1006 ribdim
1172 984 1322 1015 aquam
1343 977 1400 1007 diu
1429 977 1469 1007 ab
1489 977 1602 1008 Austro
1620 977 1694 1009 υό·

1005 1021 1152 1050 catam.
1195 1023 1228 1050 at
1257 1021 1294 1057 si¹
1310 1021 1406 1059 quis
1438 1022 1591 1052 ventus
1622 1021 1694 1053 inde

1002 1063 1210 1102 vehementius
1227 1065 1361 1103 spiravit
1378 1073 1494 1104 magno
1513 1064 1612 1096 hiatu.
1635 1062 1693 1096 P‘z.

1004 1121 1050 1134 =
1069 1108 1214 1139 verticem
1238 1109 1430 1148 restringere-
1445 1110 1577 1141 stratam
1604 1109 1695 1141 ittam

1004 1152 1181 1191 fabulosam
1213 1152 1415 1183 caribdim
1453 1155 1607 1192 aquam
1637 1153 1694 1185 diu

1005 1197 1045 1226 ab
1055 1197 1167 1227 Austro
1187 1204 1208 1227 v
1218 1199 1340 1228 ocata
1351 1206 1382 1228 m
1399 1199 1432 1228 at
1449 1194 1478 1228 si
1494 1197 1590 1237 'quis
1604 1205 1702 1230 vem.

1003 1243 1069 1271 tus
1092 1241 1164 1272 inde
1186 1241 1393 1273 vehementius
1418 1242 1551 1281 spiravit
1577 1250 1693 1282 magno

1003 1285 1100 1316 hiatu.
1126 1282 1184 1316 1³3.
1198 1298 1242 1312 =
1253 1287 1396 1317 verticem
1411 1287 1590 1326 restringere
1611 1289 1692 1319 stra-

1002 1332 1069 1360 tam
1097 1329 1187 1360 illam
1224 1330 1400 1369 fabulosam
1433 1330 1611 1362 Caribdi
1643 1339 1666 1362 a

1001 1382 1125 1414 quam
1146 1375 1212 1405 diu.
1255 1375 1295 1404 ab
1310 1377 1416 1406 austro
1436 1377 1634 1408 vocatam
1655 1379 1690 1408 at

1001 1420 1027 1449 si
1051 1419 1127 1457 quid
1155 1419 1225 1449 inde
1245 1419 1450 1450 vehementius
1468 1420 1601 1458 spiravit
1620 1428 1691 1451 ma-

1000 1472 1061 1502 gno
1080 1463 1178 1494 hiatu.
1224 1460 1283 1494 1³4.
1294 1477 1338 1490 =
1350 1464 1494 1495 verticem
1512 1464 1693 1504 restringere

1001 1510 1133 1538 stratam
1162 1508 1252 1538 illam
1283 1508 1481 1548 fabulosam,
1523 1509 1692 1550 aripidi

1002 1560 1175 1591 aquam,
1207 1552 1262 1583 diu
1283 1554 1322 1583 ab
1350 1555 1456 1583 austro
1482 1555 1688 1584 vocatam.

1001 1598 1034 1626 at
1065 1597 1093 1627 si
1121 1597 1197 1635 quid
1226 1597 1296 1628 inde
1326 1598 1532 1629 vehementius
1560 1598 1693 1637 spiravit

1000 1649 1115 1679 magno
1137 1641 1235 1672 hiatu.
1283 1639 1352 1672 Col.
1372 1638 1582 1673 =verticem
1601 1651 1690 1673 con·

999 1686 1188 1724 restringere
1222 1688 1353 1717 stratam
1385 1687 1475 1717 illam
1513 1686 1692 1726 fabulosam

1004 1730 1208 1761 caribdim
1241 1739 1393 1769 aquam
1423 1730 1479 1762 diu
1507 1731 1547 1761 ab
1576 1731 1691 1762 Austro

1000 1776 1208 1805 vocatam.
1246 1777 1279 1805 at
1298 1776 1326 1806 si
1347 1776 1423 1814 quid
1441 1775 1515 1806 inde
1531 1775 1691 1806 vehemen—

999 1819 1060 1848 tius
1090 1819 1132 1849 in
1142 1820 1284 1857 spiravit
1313 1828 1429 1859 magno
1461 1820 1559 1850 hiatu.
1590 1842 1591 1845 =
1606 1818 1688 1851 Cod.

1000 1860 1092 1903 Lips.
1113 1876 1157 1889 =
1178 1864 1322 1894 verticem
1346 1866 1529 1903 restringere
1547 1866 1690 1899 ‘stratam

998 1907 1087 1937 illam
1105 1908 1281 1946 fabulosam
1297 1909 1348 1938 Ca
1359 1909 1424 1948 rip
1435 1910 1446 1939 i
1457 1908 1523 1939 dis
1540 1916 1690 1948 aasuam

999 1951 1055 1981 diu
1079 1952 1119 1981 ab
1141 1954 1252 1982 Austro
1268 1955 1538 1992 vacaturam,
1562 1953 1590 1983 si
1612 1953 1690 1993 quid

999 1996 1070 2026 inde
1097 1996 1303 2027 vehementius
1329 1997 1489 2036 spiravirt.
1533 1994 1624 2039 Lips.
1647 1996 1687 2029 ci.

1000 2054 1044 2066 =
1074 2043 1206 2071 stratam
1234 2041 1323 2072 illam
1357 2042 1533 2081 fabulosam
1569 2042 1689 2080 Charg-

1000 2085 1111 2124 bdin,
1134 2086 1287 2125 quamdiu
1306 2087 1345 2116 ab
1361 2087 1472 2117 Austro
1492 2088 1606 2127 vacat,·
1628 2094 1696 2118 ve·-

997 2138 1086 2160 rum
1111 2131 1138 2160 si
1161 2131 1237 2168 quid
1257 2131 1330 2161 inde
1350 2131 1556 2161 vehementius
1585 2132 1689 2170 spira·

998 2175 1052 2207 vit.
1099 2172 1189 2204 Pinc.
1215 2173 1320 2205 voluit
1338 2176 1575 2214 perstringere.
1621 2175 1687 2209 :3:³23

998 2218 1044 2245 τ’-
1061 2220 1150 2249 mari
1172 2219 1314 2249 verticem
1333 2220 1536 2259 restringere:
1556 2221 1689 2250 stratam

996 2264 1086 2293 illam
1104 2263 1280 2302 fabulosam
1301 2264 1512 2302 Charybdim:
1535 2271 1688 2303 aquam

998 2308 1054 2338 diu
1072 2308 1111 2337 ab
1134 2309 1240 2338 austro
1257 2315 1277 2338 v
1289 2310 1462 2338 ocatam.
1486 2309 1526 2339 At
1547 2309 1575 2339 si
1593 2308 1688 2347 quis

996 2352 1068 2382 inde
1086 2353 1291 2382 vehementius
1309 2353 1441 2390 spiravit
1461 2353 1549 2382 hiatu
1564 2361 1688 2392 magno.

999 2395 1061 2429 al.
1072 2410 1117 2422 =
1131 2397 1228 2426 maris
1239 2398 1382 2426 verticem
1401 2397 1593 2435 restringere,
1604 2399 1687 2427 stra-

997 2443 1062 2471 tam
1090 2441 1179 2471 illam
1210 2441 1386 2479 fabulosam
1417 2440 1607 2478 Charybdis
1639 2449 1660 2470 a
1673 2458 1687 2465 -

997 2494 1138 2524 quam,
1173 2485 1230 2515 dtu
1254 2485 1293 2515 ab
1323 2487 1430 2515 austro
1458 2486 1686 2516 revocatu-

997 2538 1095 2561 ram.
1135 2531 1214 2560 Aut
1235 2530 1262 2561 si
1282 2530 1368 2568 quis
1390 2530 1462 2564 inde
1481 2528 1687 2560 vehaemen-

996 2575 1057 2605 tius
1076 2575 1209 2613 spiravit
1229 2574 1319 2604 hiatu
1337 2575 1472 2613 magram
1509 2571 1571 2608 432.
1585 2594 1618 2608 ..
1629 2595 1641 2607 .
1653 2573 1687 2607 (5

997 2633 1041 2645 =
1061 2620 1204 2650 verticem
1221 2619 1423 2657 restringere,
1452 2618 1626 2658 fretum,
1647 2618 1688 2649 il-

997 2665 1061 2695 lam
1104 2664 1280 2703 fabulosam
1324 2662 1518 2701 Charybdimv
1554 2663 1578 2694 d
1593 2663 1606 2694 i
1623 2671 1640 2694 c
1657 2671 1687 2700 ο,

995 2709 1148 2748 quamdiu
1169 2709 1208 2738 ab
1226 2709 1337 2743 ,ausim
1359 2709 1463 2746 vacat,
1485 2708 1582 2746 quie
1593 2709 1686 2745 tam,

995 2756 1031 2784 at
1041 2756 1068 2784 si
1085 2753 1171 2792 quis
1193 2752 1263 2783 inde
1286 2753 1433 2782 ventus
1449 2752 1600 2790 spiravit,
1615 2751 1685 2782 bia-

993 2801 1026 2830 tu
1052 2805 1167 2837 magno
1198 2796 1244 2839 (OEo
1264 2809 1310 2823 ==
1327 2795 1519 2839 restringere)
1544 2792 1683 2836 fretum).
