1812 3184
306 203 392 250 646

759 205 802 245 L.
833 205 1031 247 ANNAEI
1059 205 1287 247 SENECAE

313 330 388 373 qne
418 315 518 359 aliae
550 323 662 358 uasto
686 329 803 358 cursu
829 316 1058 358 deferimini·
1079 324 1119 358 et
1137 317 1179 359 in
1198 330 1384 374 praeceps
1405 317 1739 362 uolumenum.

314 383 416 426 aliae
433 384 695 439 languidiores
710 384 750 425 in
764 384 873 426 uadis
894 383 1151 426 refunduntur
1165 390 1206 426 et
1223 384 1364 427 leniter
1383 397 1430 427 ac
1448 385 1578 441 quiete
1597 385 1741 427 fluunt:

317 451 404 506 quis
424 458 551 492 autem
574 458 692 506 neget
714 451 836 493 uastis
857 451 943 493 illas
965 451 1222 507 receptaculis
1242 451 1391 508 concipi
1412 459 1453 494 et
1470 462 1631 494 cessare
1645 451 1745 504 mul—

317 518 369 559 tis
389 517 537 559 inertes
561 518 686 559 locis?
727 533 805 559 non
827 526 888 560 cst
908 518 972 560 diu
994 518 1231 574 probandum
1260 518 1311 559 ibi
1333 518 1479 560 ‘multas
1505 532 1626 574 aquas
1654 517 1744 565 esse

317 584 385 626 ubi
400 599 534 626 amnes
554 591 665 626 sunt:
699 598 824 640 neque
842 585 947 628 enim
967 586 1167 627 sufficeret
1183 586 1294 626 tellus
1313 586 1361 626 ad
1382 592 1438 627 tot
1454 585 1609 627 flumina
1623 577 1745 628 eden-

283 665 301 691 4
318 651 383 705 da,
415 651 489 692 nisi
514 665 566 692 ex
586 652 758 708 reposito
780 653 976 707 multoque
999 653 1191 693 funderet.

1252 650 1297 694 Si
1321 652 1393 693 hoc
1413 665 1555 694 uerunt
1571 659 1648 705 est,
1676 666 1745 695 ne-

317 730 431 759 cesse
463 724 525 759 est
555 719 761 773 aliquando
785 719 1012 760 illicamuis
1045 725 1199 760 crescat
1234 725 1274 760 et
1302 719 1448 760 relictis
1472 719 1567 775 ripis
1595 719 1745 775 uiolen-

318 789 380 826 tus
402 784 443 825 in
465 785 658 827 obstantia
679 792 883 827 occurrat:
924 786 982 827 sic
1003 787 1068 826 liet
1091 792 1219 826 motus
1243 784 1405 826 alicuius
1428 786 1550 840 partis
1569 786 1612 828 in
1631 800 1744 842 quam

316 849 458 892 flumen
479 851 650 907 inpetum
672 853 776 894 dedit
797 859 836 894 et
858 866 970 907 quam
994 852 1117 892 donec
1145 853 1346 893 decrescat
1369 851 1608 894 uerberabit.
1666 851 1745 894 Po-

316 922 394 959 test
416 918 498 959 fieri
514 949 526 970 ‚
571 926 613 960 ut
632 919 799 973 aliquam
822 919 1022 973 regionem
1045 919 1154 959 riuus
1173 909 1353 959 >adfluens
1377 919 1522 959 exedat
1541 932 1588 959 ac
1611 932 1744 962 secum

282 983 444 1024 strahat
470 985 635 1038 aliquam
665 985 806 1025 molem
838 999 914 1039 qua
941 985 1048 1040 lapsa
1083 984 1328 1039 superposita
1363 984 1602 1038 quatiuntur.

1661 983 1744 1028 Iam

316 1061 412 1090 uero
435 1049 550 1091 nimis
574 1051 696 1091 oculis
718 1050 906 1105 permittit
922 1064 995 1091 nec
1015 1050 1103 1091 illos
1125 1051 1200 1091 scit
1220 1045 1434 1106 producere
1455 1050 1553 1092 ultra
1576 1051 1745 1095 animum

316 1115 380 1168 qui
401 1129 480 1157 non
500 1116 622 1157 credit
643 1117 684 1157 in
703 1116 929 1158 abscondito
950 1124 1078 1158 terrac
1098 1117 1207 1158 sinus
1227 1117 1346 1158 maris
1365 1117 1482 1158 uasti.
1531 1116 1622 1160 Nec
1634 1119 1744 1165 »euim

317 1181 431 1222 uideo
454 1183 542 1236 quid
564 1183 767 1237 prohibeat
787 1184 851 1225 uel
873 1183 1026 1235 obstet,
1066 1198 1142 1238 quo
1166 1184 1292 1224 minus
1314 1183 1502 1225 habeatur
1520 1184 1559 1226 in
1581 1185 1745 1230 abscon-

316 1248 394 1289 dito
425 1250 539 1291 etiam
568 1250 721 1304 aliquod
751 1251 841 1291 litus
871 1258 910 1291 et
939 1263 1008 1305 per
1037 1251 1210 1292 occultos
1240 1250 1366 1292 aditus
1400 1257 1600 1307 receptum
1634 1266 1744 1294 marc

358 1335 392 1369 3.
416 1338 442 1369 B
462 1352 508 1366 =
524 1342 612 1371 vaslo
634 1341 791 1379 impetu
818 1340 1006 1380 deseruntur.

318 1381 389 1414 Col.
402 1386 492 1416 εἰη
513 1385 607 1416 vadis
627 1385 836 1423 referuntur.
875 1385 908 1418 §23
922 1405 961 1418 ..0
972 1384 1005 1417 (5

315 1440 361 1454 =
383 1431 411 1458 et
433 1430 552 1459 leviter
574 1438 612 1459 ac
642 1430 750 1467 quiete.
798 1427 938 1462 GQOEL
960 1442 1006 1455 =

313 1473 411 1502 vastis
432 1473 498 1502 illa
517 1473 727 1511 receptaculis.
774 1472 854 1502 B=
874 1474 941 1503 Non
964 1476 1006 1504 est

310 1517 508 1554 probandum
529 1517 596 1547 diu.
962 1536 966 1538 -

357 1572 399 1601 ibi
422 1572 538 1602 multas
561 1580 661 1610 aquas
694 1580 757 1603 esse
780 1573 833 1603 ubi
865 1580 1006 1603 amnes

311 1618 436 1645 sunt=
451 1614 490 1646 ci.
514 1614 599 1646 Lud.
627 1616 693 1646 lan.
719 1614 810 1658 quod
832 1615 943 1647 facere
965 1626 1005 1646 ex

311 1658 417 1690 Lucil.
439 1660 515 1690 Aet.
538 1670 570 1692 v.
588 1657 664 1691 120.
687 1659 736 1702 (et
758 1658 861 1700 1210,
886 1666 1006 1691 vetue—

310 1708 364 1734 rat
377 1702 484 1735 Ruhk.
508 1703 640 1738 BEGQ
655 1725 694 1738 ,μ
706 1704 740 1738 «Ε
750 1718 796 1731 =
808 1706 862 1736 ubi
883 1713 1006 1736 omnes

308 1750 390 1779 sunt.
438 1748 469 1779 G
487 1762 533 1775 =
554 1749 701 1788 sufficere
732 1750 830 1781 tellus.
877 1749 942 1780 mG
958 1763 1004 1776 =

309 1793 353 1823 ad
386 1795 433 1824 tot·
461 1794 595 1834 flumina
627 1794 866 1833 aequanda.
912 1794 936 1824 B
957 1808 1004 1822 =

307 1838 369 1868 nisi
400 1846 438 1867 ex
470 1839 623 1876 reposita
652 1838 680 1878 [s
702 1838 734 1878 a]
770 1840 924 1878 multoque
957 1848 1002 1870 ea

305 1881 456 1919 funderet.
513 1880 573 1913 1³3.
605 1895 652 1909 =
685 1883 756 1913 ubi
787 1892 826 1914 ex
858 1885 1000 1922 reposito.

306 1921 364 1956 1²4.
379 1939 425 1952 =
446 1927 507 1958 nisi
529 1935 567 1957 ex
589 1928 721 1966 reposito
742 1928 838 1958 multo
861 1936 906 1958 ea
928 1928 1000 1967 sun—

306 1970 401 2001 derel.
448 1969 517 2002 Col.
531 1972 707 2006 =nisiex
728 1973 861 2011 reposito
881 1974 999 2003 nialla

305 2014 457 2051 funderet.
504 2014 533 2046 G
544 2021 606 2055 (cr.
614 2016 670 2056 ω)
683 2029 728 2042 =
739 2016 869 2056 fundere
878 2026 899 2047 η
909 2019 930 2046 t.

347 2077 383 2110 4.
405 2082 469 2112 illic
490 2082 592 2112 amnis
614 2091 630 2112 c
639 2091 679 2112 re
689 2091 703 2112 s
712 2091 728 2112 c
737 2091 758 2112 a
768 2085 779 2112 t
789 2095 836 2108 =
845 2082 903 2113 Ee.
974 2083 998 2113 B

304 2125 425 2154 :illic
445 2126 548 2155 amnis
569 2128 779 2156 excurset.
829 2125 901 2159 G>B
913 2147 950 2159 η.
967 2125 1000 2160 ST

305 2181 350 2194 =
363 2169 427 2199 illic
449 2169 551 2199 amnis
573 2177 588 2199 e
598 2177 622 2199 x
630 2178 646 2199 c
654 2171 763 2199 rescat.

347 2223 497 2254 violentus
518 2225 551 2254 in
573 2224 726 2254 obstantia
758 2226 931 2254 occurrat
952 2237 997 2250 =

306 2267 362 2298 Ee.
423 2268 676 2299 B=violenter
697 2266 998 2310 violenter[hoc

305 2309 388 2353 del.]
411 2312 588 2344 incurrat.
636 2311 701 2346 GQ
712 2333 722 2345 .
735 2333 746 2345 .
760 2333 769 2345 .
779 2311 867 2345 ,ςῗε
881 2313 997 2343 violen-

304 2359 354 2386 tus
376 2357 409 2387 in
432 2357 586 2387 obstantia
608 2357 782 2387 incurrat.
829 2356 855 2386 Β
877 2370 921 2382 =
943 2358 996 2388 Sic

304 2403 404 2431 motus
426 2402 560 2432 alicuius
589 2402 691 2439 partis
718 2403 791 2431 est.
840 2399 995 2441 G(mm)

304 2458 350 2471 =
367 2446 401 2475 in
431 2454 526 2484 quam
555 2447 689 2476 motus
721 2446 871 2483 impetum
900 2446 994 2476 dedit.

306 2488 444 2528 (ἔβαν)
468 2488 557 2520 Pinc.
583 2499 615 2519 v.
637 2488 659 2519 l.
685 2487 757 2519 Col.
781 2490 814 2522 23
834 2503 879 2516 =
901 2491 996 2521 donec

302 2537 471 2564 crescat
493 2534 672 2565 err-berabat.
711 2533 736 2563 B
748 2537 837 2564 =ut
856 2535 995 2573 aliquam

302 2579 457 2617 reyionem
486 2578 579 2609 rivis
613 2579 765 2617 effluens
787 2579 933 2609 excedat
956 2587 994 2609 ac

302 2623 338 2651 si
360 2623 474 2653 trahat.
522 2622 646 2653 E=ut
668 2623 809 2661 aliquam
840 2624 995 2662 regionem

300 2667 387 2697 rivus
410 2667 542 2707 affluens
573 2667 683 2697 exedat
714 2675 752 2698 ac
786 2668 847 2698 sic
880 2668 994 2698 trahat.

304 2721 322 2738 e
343 2723 387 2736 =
408 2714 441 2741 ul
463 2712 605 2751 aliquam
633 2712 787 2750 regionem
820 2713 913 2743 riuis
944 2712 993 2751 as—

301 2755 400 2793 fluens
422 2757 533 2786 exedat
557 2755 617 2797 [=
635 2754 710 2798 P3.]
736 2764 774 2787 ac
797 2757 855 2786 sic
878 2756 992 2787 trahat.

302 2797 388 2827 G=
406 2810 438 2827 ω
466 2801 610 2831 exc-edat
636 2811 685 2831 ω,
710 2796 789 2832 ¹1³4.
804 2814 849 2827 =
868 2801 994 2834 rimis

1051 1341 1193 1381 affluens.
1241 1340 1275 1374 Q
1297 1353 1342 1366 =
1361 1340 1450 1371 rivus
1470 1341 1611 1380 fluens
1637 1350 1741 1374 exce-

1051 1386 1127 1416 dat:
1151 1393 1189 1415 ac
1212 1393 1314 1415 secum
1337 1384 1451 1415 trahat.

1095 1438 1158 1468 qua
1194 1429 1286 1467 lapsa
1320 1429 1514 1467 superposita
1547 1431 1743 1469 quatiuntur

1049 1487 1094 1500 =
1106 1474 1162 1503 Ee.
1233 1471 1291 1502 BG
1306 1470 1367 1505 (51.
1379 1493 1390 1504 .
1404 1494 1415 1505 0
1428 1471 1483 1506 ..ae
1501 1487 1544 1500 =
1565 1483 1629 1513 qua
1650 1475 1742 1514 lapsa

1048 1518 1243 1557 superposita
1263 1517 1473 1555 quatiantur.
1506 1518 1742 1558 23=quan-

1050 1563 1098 1593 do
1119 1563 1210 1601 lapsa
1233 1561 1425 1599 superposita
1447 1563 1653 1600 quatiantur.

1095 1605 1127 1636 5.
1152 1604 1218 1636 mG
1239 1618 1285 1632 =
1301 1606 1370 1636 lam
1391 1613 1465 1637 vero
1486 1607 1528 1638 in
1557 1607 1623 1639 his
1645 1608 1741 1640 oculis

1046 1651 1204 1690 permittit.
1248 1648 1334 1682 Scal.
1363 1652 1398 1687 —l-
1426 1650 1496 1683 Iam
1517 1659 1590 1684 vero
1613 1653 1654 1685 in
1675 1652 1741 1684 liis

1048 1704 1153 1727 mmis.
1182 1722 1187 1725 ,

1093 1748 1148 1770 nec
1182 1740 1251 1770 illos
1278 1741 1334 1770 scit
1364 1739 1532 1778 producere
1563 1741 1648 1775 ultra
1670 1742 1741 1773 ani-

1048 1793 1136 1815 mum
1145 1798 1191 1810 =
1202 1783 1308 1820 BECG·
1320 1783 1380 1814 Gr·
1392 1784 1439 1818 2580
1508 1783 1570 1819 &10
1581 1799 1617 1820 ολ
1627 1806 1640 1823 9
1652 1785 1740 1822 εἷς

1047 1837 1101 1860 nec
1123 1830 1207 1859 ultra
1229 1829 1298 1859 illos
1320 1829 1376 1860 scit
1395 1829 1566 1868 producere
1587 1830 1738 1862 animum.

1092 1873 1145 1911 qui
1159 1882 1222 1904 non
1243 1873 1340 1904 credit
1360 1873 1594 1905 iii-abscondito
1605 1887 1652 1901 ι.-
1663 1875 1720 1906 Ee.

1047 1916 1228 1951 (2³3...st
1252 1920 1287 1954 -i-
1312 1918 1451 1956 quirum
1472 1918 1569 1949 eredit
1591 1927 1681 1951 esse
1702 1920 1736 1951 in

1044 1963 1232 1993 abscondito.
1279 1961 1423 2001 B=qui
1443 1971 1505 1994 non
1527 1963 1623 1995 credit
1645 1971 1736 1996 esse

1047 2004 1161 2046 [codd.
1188 2007 1264 2048 Ops.
1288 2005 1347 2047 =]
1383 2007 1416 2037 in
1444 2006 1592 2041 abdito
1624 2009 1734 2039 terrae.

1044 2049 1110 2081 hoe
1131 2049 1252 2092 probat
1274 2051 1396 2092 Opsop.
1422 2048 1467 2080 ex'
1495 2060 1554 2081 usu
1575 2052 1731 2083 Senecae.

1044 2093 1152 2124 Etiam
1179 2094 1235 2126 Gr.
1249 2109 1294 2122 =
1308 2096 1341 2126 in
1364 2094 1553 2126 abscondito.
1599 2096 1735 2128 B==si-

1043 2147 1102 2168 nus
1124 2141 1205 2169 vasti
1227 2141 1336 2170 maris.
1386 2139 1465 2168 B=
1481 2140 1643 2178 prohibeat
1664 2143 1737 2172 aut

1043 2183 1146 2212 obstet.
1194 2182 1222 2211 G
1236 2184 1330 2221 (sm)
1342 2184 1447 2213 =vel
1469 2184 1598 2219 obstat.

1087 2234 1146 2263 quo
1165 2227 1268 2256 minus
1281 2227 1432 2257 habeatur
1448 2227 1483 2257 in
1501 2227 1680 2261 abscondito
1693 2231 1737 2260 et·

1041 2270 1108 2299 iam
1130 2270 1257 2308 aliquod
1282 2271 1353 2301 litus
1376 2272 1403 2300 et
1431 2278 1489 2308 per
1511 2272 1643 2304 occultos
1665 2273 1736 2303 adi-

1042 2315 1090 2343 tus
1110 2316 1264 2352 receptum
1284 2314 1496 2345 mare=Ee.
1567 2315 1733 2350 Gffiffltan

1041 2359 1261 2396 =quominus
1283 2359 1433 2390 habeatur
1456 2357 1503 2399 [G
1515 2369 1586 2392 s.m.
1608 2374 1654 2387 =
1674 2361 1732 2393 ha-

1042 2403 1133 2432 beat.
1158 2403 1191 2436 §B
1205 2403 1468 2443 =habebatur]
1493 2404 1621 2444 aliquod
1641 2406 1735 2439 etiam

1040 2447 1073 2477 in
1097 2447 1274 2479 abscondito
1296 2448 1369 2478 litus
1392 2449 1419 2478 et
1439 2455 1498 2486 per
1510 2456 1574 2483 occ.
1590 2458 1624 2480 a.
1643 2458 1672 2481 r.
1687 2458 1731 2480 m.

1042 2487 1101 2521 P3.
1124 2505 1167 2517 =
1188 2501 1247 2530 quo
1280 2493 1384 2523 minus
1413 2492 1508 2534 etiam
1529 2493 1679 2526 habeatur
1699 2494 1733 2526 in

1040 2536 1219 2567 abscondito
1241 2537 1322 2567 litus.
1348 2531 1532 2575 P4.=‹1uo
1550 2539 1653 2569 minus
1676 2539 1732 2569 il-

1039 2580 1097 2609 lic
1132 2589 1293 2619 quoque
1334 2581 1496 2616 habeatur.
1542 2582 1734 2614 liabetur

1040 2624 1168 2662 aliquod
1190 2626 1285 2656 etiam
1307 2625 1342 2655 in
1362 2625 1540 2657 abscondito
1562 2626 1658 2657 littus.
1705 2626 1730 2657 B

1039 2670 1258 2707 =quominus
1278 2669 1373 2700 illic
1395 2678 1555 2709 quoque
1577 2670 1752 2711 habean-¹

1040 2716 1099 2743 tur.
1124 2713 1330 2744 habentur
1350 2715 1490 2752 aliqui
1513 2717 1550 2746 et
1568 2714 1730 2747 iuabdi-

1040 2760 1101 2788 tos
1125 2758 1242 2788 sinus
1264 2759 1301 2788 et
1324 2758 1452 2796 aliquod
1468 2759 1543 2790 titus
1559 2761 1588 2791 et
1607 2767 1664 2798 per
1680 2768 1729 2790 oc-

1039 2802 1157 2833 cultas
1179 2802 1285 2833 aditus
1306 2810 1332 2834 r.
1355 2811 1397 2833 m.
1430 2800 1490 2837 el.
1505 2825 1542 2838 0..
1557 2803 1729 2842 περιιο-
