1812 3184
1636 0 1638 2 ’
1681 0 1812 96 ενιιἺ

1800 88 1805 97 ο

263 215 317 259 24
453 215 618 265 QUARE
647 216 838 267 ALIQUA
867 217 1172 259 INCOMMODA
1201 219 1350 261 130le
1381 221 1511 262 Unus

263 327 337 369 uio
359 326 464 379 deo,
493 327 569 370 sed
587 327 831 372 adsentior:
862 344 913 372 eo
935 330 1102 386 quidem
1119 332 1271 387 mayis,
1303 333 1418 388 quod
1437 334 1529 377 seio
1549 335 1694 377 οη*

233 407 249 433 5
267 399 391 436 certa
413 399 454 437 et
481 396 526 436 in
555 401 776 439 aeternum
806 398 926 439 dicta
961 399 1055 453 [eye
1080 398 1329 442 decurrere.
1388 399 1490 443 Fata
1521 414 1607 444 uos-
1622 402 1693 444 du-

262 467 356 502 cunt
377 468 415 502 et
436 469 621 517 quantum
646 464 786 519 cuique
818 465 1003 520 temporis
1030 472 1156 507 restat
1180 465 1305 521 prima
1329 467 1572 513 nascentium
1596 469 1694 511 hem

261 527 465 584 disposuit.
528 527 661 572 Causa
685 532 827 586 pendet
861 545 914 573 ex
941 546 1085 584 causa,
1126 532 1277 588 priuata
1304 547 1357 574 ao·
1377 534 1528 589 publiea
1554 535 1693 591 longus

261 595 358 637 ordo
381 609 514 638 rerum
531 597 662 638 trahit.
721 596 816 640 Ideo
836 599 991 640 fortiter
1008 613 1123 641 omne
1138 600 1359 655 patiendum
1377 608 1452 653 est,
1485 601 1691 656 quiam,

262 669 305 703 ut
330 669 533 718 putamus,
571 663 746 706 incidunt
768 673 932 718 cuncta,
974 667 1043 708 sed
1075 667 1253 708 ueniunt.
1314 665 1420 709 Olim
1443 658 1694 721 constitum

262 736 324 770 est
345 730 437 785 quid
456 731 652 785 gaudeas,
685 732 775 787 quid
798 733 908 775 fleas.
939 741 989 774 *et
1006 733 1182 788 quamuis
1204 747 1345 789 magna
1367 735 1545 777 uideatur
1564 735 1695 778 uarie-

262 802 343 838 tate
361 797 602 852 singulorum
620 798 701 839 uita
716 799 927 855 distingui,
960 813 1110 842 summa
1129 800 1170 840 in
1189 814 1308 842 unum
1325 801 1454 843 uenit:
1485 801 1695 858 accipimus

231 874 249 900 6
265 863 439 917 peritura
462 865 640 920 perituri.
701 864 805 920 Quid
830 867 960 922 itaque
981 867 1256 922 indignamur?
1285 868 1374 922 quid
1396 867 1626 923 querimur?
1645 869 1696 910 ad

262 930 336 972 hoo
377 932 503 986 parati
540 946 689 974 sumus.
757 932 899 975 Utatur
944 941 985 975 ut
1013 934 1095 974 uult
1140 934 1222 975 suis
1259 941 1400 976 natura
1437 934 1692 991 corporibusx

259 1011 334 1039 nos
362 998 455 1039 laeti
484 999 533 1040 ad
556 1000 687 1041 omnia
711 1007 750 1041 et
778 1002 899 1042 fortes
931 1000 1147 1055 cogitemus
1177 1001 1272 1042 nihil
1300 1002 1431 1057 perire
1460 1002 1508 1044 de
1537 996 1691 1044 nostro.

261 1062 367 1117 Quid
388 1072 449 1106 est
464 1065 558 1107 boni
574 1067 675 1108 uiri?
703 1068 893 1123 praehere
916 1082 961 1110 se
983 1069 1079 1109 fato.
1141 1066 1302 1110 Grande
1325 1069 1504 1110 solatium
1525 1075 1695 1111 esteum
1750 1075 1758 1081 ‘

257 1130 445 1172 uniuerso
470 1133 570 1188 rapi.
631 1132 824 1190 Quicquid
839 1142 910 1181 *est
935 1135 1036 1190 quod
1058 1149 1132 1176 nos
1157 1134 1214 1176 sic
1237 1135 1390 1187 uiuere,
1417 1135 1475 1176 sio
1494 1136 1594 1177 mori
1614 1136 1695 1178 ius-

259 1197 336 1250 sit,
380 1199 515 1240 eadem
540 1201 776 1243 necessitate
812 1209 852 1243 et
881 1203 976 1244 deos
1014 1202 1173 1256 adligat.
1216 1202 1493 1243 inreuoeabilis
1526 1202 1695 1245 humana

258 1265 408 1319 pariter
436 1279 482 1307 ae
513 1266 643 1308 diuina
678 1282 818 1310 cursus
848 1269 969 1310 uehit.
1029 1267 1101 1310 Ille
1132 1269 1217 1323 ipse
1251 1269 1422 1310 omnium
1451 1269 1631 1311 eonditor
1653 1277 1694 1312 et

256 1338 391 1373 rector
410 1333 567 1388 scripsit
585 1334 740 1389 quidem
764 1336 842 1376 fata
858 1367 869 1388 ‚
902 1337 971 1376 sed
993 1335 1183 1390 sequitur.
1225 1349 1381 1390 semper
1402 1343 1536 1391 paret,
1569 1337 1695 1385 semel

225 1411 242 1437 7
259 1396 387 1440 iussit.
449 1398 582 1454 Quare
605 1408 736 1442 tamen
758 1402 854 1444 deus
881 1409 957 1443 tam
983 1402 1138 1456 iniquus
1158 1402 1200 1443 in
1220 1402 1491 1444 distributione
1513 1404 1581 1446 fati
1603 1403 1691 1457 fuit,

260 1473 305 1506 ut
325 1466 439 1508 bonis
464 1467 561 1509 uiris
584 1476 875 1524 paupertatem,
917 1469 1080 1510 uolnera
1102 1476 1142 1510 et
1167 1469 1310 1510 acerba
1333 1470 1470 1511 funera
1497 1471 1695 1513 adscribe-

258 1534 347 1574 ret?
402 1533 499 1576 Non
537 1542 666 1590 potest
704 1537 848 1578 artifex
878 1543 1030 1577 mutare
1066 1536 1293 1577 materiam:
1335 1536 1433 1578 haee
1461 1551 1579 1593 passa
1614 1545 1690 1580 est.

305 1624 360 1656 sed
383 1625 565 1658 adsentior
585 1638 632 1652 =
652 1625 735 1657 BAF
761 1625 856 1658 Anio.
926 1626 958 1657 G
1002 1627 1055 1661 &30
1067 1640 1113 1654 =
1123 1628 1324 1666 accepimus.
1370 1637 1393 1669 g
1404 1641 1450 1655 =
1458 1629 1590 1668 perituri
1608 1629 1693 1668 peri-

259 1668 768 1705 VDEz...Qo=assentio.
817 1671 904 1702 G=
920 1674 956 1703 et
1001 1674 1082 1703 tura.
1592 1684 1595 1687 v

259 1714 394 1753 quidem.
440 1715 471 1746 D
484 1716 579 1756 (sco)
602 1729 647 1742 =
667 1717 846 1755 Equidem.
894 1715 955 1747 GD
1047 1712 1080 1747 6.
1117 1716 1201 1755 Quid
1222 1717 1341 1755 itaque
1361 1716 1696 1759 =BGVADETgA-

261 1759 356 1798 (sm)
370 1758 430 1790 ET
442 1759 517 1794 3..
532 1781 543 1793 .
556 1758 620 1794 ΕΞῙ.
641 1774 687 1787 =
705 1770 784 1799 quo
808 1762 880 1792 scio.
926 1760 958 1791 V
1000 1759 1066 1792 nic.
1083 1760 1181 1792 Rom.
1201 1759 1285 1791 Scal.
1357 1762 1434 1795 ΣΕ..
1447 1783 1456 1795 .
1469 1762 1523 1796 §Bo
1544 1775 1592 1789 =
1611 1761 1695 1801 Quid

259 1816 306 1830 =
319 1805 382 1842 lege
405 1804 500 1834 dicta.
548 1804 578 1835 D
590 1818 635 1831 =
648 1806 752 1836 data
775 1806 848 1845 lege.
872 1805 957 1836 E=
1000 1807 1074 1836 ita.
1123 1804 1154 1835 G
1171 1818 1216 1831 =
1237 1806 1358 1837 adhuc
1374 1807 1494 1845 parati.
1539 1817 1562 1848 g
1582 1820 1629 1833 =
1650 1806 1696 1837 ad

259 1849 304 1880 in
314 1849 399 1879 dicta
423 1849 497 1887 leye.
1002 1850 1023 1881 h
1033 1859 1053 1880 α
1065 1859 1080 1880 e
1090 1859 1106 1880 c
1123 1850 1241 1888 parati.
1267 1859 1270 1862 ’
1287 1849 1448 1890 1)(οτ.ω)
1460 1864 1504 1877 =
1513 1852 1622 1889 parati
1642 1851 1694 1881 si-

306 1891 338 1923 5.
370 1895 521 1931 quantum
543 1894 652 1932 cuique
683 1895 886 1933 temporis
908 1903 956 1926 re·
999 1903 1079 1925 mus.
1107 1894 1194 1926 V=
1208 1893 1362 1925 Utamur.
1397 1895 1482 1926 T=
1493 1898 1522 1926 et
1539 1895 1631 1935 fortes
1650 1895 1696 1925 ad

260 1939 392 1968 παῖε
402 1935 475 1967 AG.
547 1936 573 1967 F
600 1937 673 1968 cod.
695 1937 785 1980 Lips.
805 1939 837 1972 ΣΕ
847 1960 858 1972 .
875 1960 883 1971 .
897 1961 907 1972 .
921 1939 954 1971 Θ
1000 1940 1115 1970 omnia.
1162 1939 1194 1970 V
1211 1941 1245 1974 ÷
1266 1940 1303 1969 et
1323 1940 1444 1978 mande
1465 1940 1522 1971 sol.
1568 1939 1694 1980 E(sm)

260 1996 306 2009 =
322 1992 355 2011 ω
371 1984 454 2013 reste
464 1983 484 2011 t.
531 1981 562 2013 V
571 1996 617 2009 =
629 1985 780 2022 quantum
811 1984 955 2022 temporis
1000 1981 1059 2014 P2.
1082 1984 1113 2016 z:
1126 2004 1136 2015 0
1148 2005 1159 2017 0
1174 2005 1184 2016 .
1196 1981 1261 2016 (ξῖ.
1273 1996 1320 2009 =
1334 1983 1361 2021 Q
1371 1993 1394 2014 u
1403 1985 1445 2015 id
1467 1986 1511 2016 est
1532 1984 1626 2023 quod.

260 2028 329 2058 oui
342 2025 371 2068 [s
391 2025 463 2066 que]
490 2029 595 2057 restat.
642 2027 722 2068 DEg
733 2031 956 2066 =quantum-
1044 2029 1088 2058 sic
1109 2028 1223 2066 vivere,
1245 2028 1289 2058 sic
1311 2029 1392 2059 mori
1410 2029 1554 2060 iussit=
1565 2027 1693 2059 13va

261 2080 335 2102 cun
345 2079 402 2109 que
425 2072 569 2108 temporis
591 2074 695 2102 restat.
740 2072 771 2103 T
791 2084 836 2098 =
855 2081 957 2111 quan·
1003 2071 1115 2113 ADEg
1129 2070 1199 2102 CoL
1210 2068 1270 2103 P3.
1282 2072 1351 2102 Ort.
1365 2073 1397 2106 π
1407 2094 1419 2106 .
1431 2095 1440 2106 .
1453 2095 1465 2107 .
1479 2071 1542 2107 &20
1612 2071 1697 2103 G=.—.=

259 2118 343 2146 tumc
352 2123 469 2154 unque
492 2117 574 2154 temp
584 2125 606 2146 u
615 2125 630 2146 s
651 2119 712 2147 rest
722 2119 767 2147 et.
794 2114 953 2158 BD(s.m.)
1001 2119 1014 2148 i
1025 2126 1046 2148 n
1058 2119 1068 2147 t
1078 2126 1099 2147 u
1108 2124 1123 2147 e
1133 2117 1170 2147 νὶ
1202 2117 1246 2147 sie
1278 2117 1359 2147 mori
1379 2117 1480 2148 iussit.
1525 2117 1556 2149 T
1565 2113 1625 2149 1³4.
1647 2131 1695 2145 ==

260 2159 352 2193 θὶῖ..
367 2182 377 2191 .
390 2160 444 2193 <9130
466 2172 511 2185 =
533 2164 682 2198 quantum
705 2162 814 2200 cuique
836 2163 954 2192 restet.
1000 2161 1170 2192 intueri
1192 2161 1333 2200 iussit,
1356 2162 1400 2192 sic
1421 2163 1502 2193 mori
1522 2163 1621 2193 iussit.
1667 2162 1695 2193 F

182 2202 190 2211 ⁸
258 2214 281 2245 g
305 2207 340 2242 -Ι-
365 2206 403 2235 et
424 2213 462 2235 ex
484 2213 593 2235 causa.
640 2205 670 2236 T
690 2219 734 2231 =
755 2214 793 2236 eac
824 2206 954 2244 privata
997 2204 1088 2236 Pinc.
1101 2215 1134 2236 v.
1148 2204 1170 2235 1.
1183 2204 1336 2242 §GH-sio
1358 2206 1461 2238 vivere
1480 2207 1628 2245 iussit,
1651 2209 1695 2238 sic

260 2259 325 2279 om.
350 2257 458 2280 causa.
505 2248 531 2278 B
544 2262 587 2275 ==
598 2250 671 2280 Ideo
692 2250 810 2289 fortiter
830 2248 885 2281 ὄσ.
998 2251 1078 2281 mori
1089 2251 1187 2282 iussit.
1211 2247 1269 2280 P2.
1285 2253 1320 2287 ÷
1342 2261 1376 2279 ω
1394 2253 1430 2281 et
1454 2251 1551 2282 iussit.
1575 2250 1623 2285 ‘R
1634 2271 1667 2284 0.
1682 2273 1693 2284 .

303 2303 327 2332 p
337 2302 358 2324 a
369 2293 556 2324 tiendum
590 2296 634 2324 est
653 2307 699 2320 =
719 2293 953 2335 BGVADETg
998 2295 1051 2328 §Bo
1061 2308 1107 2320 =
1117 2295 1161 2325 sic
1183 2295 1287 2326 vivere
1309 2295 1399 2326 iussit
1409 2307 1427 2334 ‚·
1442 2296 1488 2326 sic
1509 2296 1600 2326 mori.
1633 2293 1697 2327 GT

257 2338 364 2379 Bong.
378 2338 502 2369 Trono.
516 2336 608 2368 Anio.
631 2337 716 2369 Scal.
738 2338 781 2378 (B
793 2355 833 2361 —
847 2339 919 2378 est).
999 2352 1043 2366 ==
1062 2339 1253 2379 inrevocauil
1263 2340 1273 2369 ι’
1284 2341 1294 2370 t
1304 2348 1319 2370 e
1330 2348 1358 2370 r.

258 2383 292 2416 π
304 2404 316 2415 .
329 2403 339 2415 .
351 2404 362 2416 .
373 2379 436 2416 &10
445 2395 491 2408 ==
501 2382 519 2421 f
525 2391 546 2412 a
554 2383 696 2414 ciendum
719 2385 774 2413 est.
822 2382 885 2416 (52.
897 2404 908 2415 0
919 2405 928 2415 .
941 2405 951 2416 .
1042 2384 1182 2414 omnium
1204 2383 1343 2414 conditor
1364 2392 1380 2414 e
1393 2386 1404 2414 t
1424 2386 1524 2415 rector
1535 2397 1580 2410 =
1590 2383 1657 2414 ΒΑ.

258 2427 313 2460 §130
323 2440 368 2453 =
380 2427 397 2465 s
402 2434 417 2457 e
426 2435 443 2457 r
453 2435 468 2457 e
479 2427 577 2457 ndum
600 2430 653 2458 est.
699 2427 730 2459 T
750 2444 793 2450 —
816 2430 850 2458 ut
873 2433 950 2458 ante
999 2427 1227 2467 GVDETg=
1238 2428 1378 2458 conditor
1394 2426 1439 2469 [D
1450 2441 1496 2454 =
1505 2428 1596 2459 condi
1604 2437 1621 2458 e
1630 2426 1693 2469 tor]

253 2473 415 2510 putamus.
463 2469 494 2501 G
503 2484 548 2497 Ξ
559 2472 653 2502 videa
662 2482 683 2502 n
691 2474 741 2503 tur
756 2471 816 2511 [--=
828 2470 891 2514 Eg]
912 2483 945 2500 ω
998 2474 1026 2503 et
1037 2474 1135 2502 rector
1148 2472 1296 2502 omnium.
1321 2471 1352 2504 z:
1364 2493 1376 2504 0
1389 2493 1401 2504 .
1412 2492 1423 2504 .
1436 2472 1489 2506 ἓζο
1500 2486 1546 2499 =
1556 2473 1695 2503 omnium

258 2517 453 2555 singulorum
491 2517 560 2546 ίαν
571 2524 602 2545 α.
660 2515 720 2546 BG
733 2517 795 2555 (cr.
811 2516 867 2557 ω)
891 2516 952 2547 AD
998 2517 1136 2547 conditor
1158 2524 1179 2546 a
1189 2524 1205 2546 c
1227 2517 1336 2546 rector.
1369 2515 1399 2546 D
1412 2519 1566 2555 ——paret.
1600 2516 1694 2547 mDE

260 2560 369 2599 (sm.)
381 2559 407 2590 E
418 2572 464 2586 =
474 2560 663 2599 distinguit.
709 2558 768 2592 P3.
780 2575 824 2588 =
843 2561 953 2592 distin-
998 2574 1043 2587 =
1056 2563 1168 2599 patet.
1215 2569 1237 2600 g
1251 2559 1313 2599 (cr.
1329 2559 1386 2598 ω)
1398 2573 1444 2586 =
1452 2568 1530 2599 pare
1539 2570 1557 2592 r
1566 2570 1592 2592 e.

259 2606 394 2642 guitur.
444 2603 474 2634 G
487 2605 599 2644 (moe)
617 2605 714 2644 D(cr.
733 2605 790 2645 ω)
803 2605 862 2637 ΕΤ
883 2606 951 2635 Ort.
1042 2601 1075 2635 7.
1099 2604 1130 2635 T
1142 2605 1230 2635 —in
1251 2608 1329 2634 ante
1352 2604 1577 2636 distributione.
1610 2604 1695 2637 V==

260 2661 306 2673 =
317 2656 387 2678 sum
396 2657 428 2678 m
437 2658 457 2678 α
467 2657 484 2679 r
492 2649 503 2679 i
511 2658 533 2679 u
541 2657 574 2679 m
595 2650 687 2679 venit.
734 2647 793 2680 1³4.
809 2663 855 2677 =
867 2658 954 2681 sum-
998 2650 1061 2689 fuit
1084 2649 1152 2688 fati.

260 2701 293 2723 m
303 2700 323 2722 α
332 2700 420 2722 rum
450 2694 543 2723 vem't.
591 2693 622 2724 V
643 2707 688 2720 =
710 2702 834 2725 summa
860 2696 894 2725 in
918 2694 954 2724 27-
1044 2695 1078 2724 et
1099 2694 1227 2724 volnera
1251 2706 1297 2720 =
1321 2691 1452 2725 BGVA.
1519 2693 1580 2724 DE
1593 2694 1626 2727 z
1638 2716 1647 2728 .
1660 2715 1670 2726 .
1685 2715 1693 2726 .

260 2744 355 2766 mum
369 2736 461 2766 venit.
509 2735 578 2769 Col.
591 2751 635 2764 =
646 2747 770 2769 summa
784 2740 817 2770 in
839 2749 860 2778 y
868 2747 955 2778 mum
998 2738 1052 2772 §30
1064 2754 1108 2760 —-
1120 2739 1158 2768 et.

257 2781 350 2811 venit.
1041 2782 1183 2813 materia
1191 2789 1224 2812 m
1233 2794 1279 2808 ==
1289 2779 1433 2823 BGVTg
1449 2782 1481 2815 z
1492 2802 1503 2814 0
1517 2802 1527 2814 .
1539 2803 1550 2816 0
1564 2781 1652 2821 ἢδη.

305 2825 545 2863 accipimus=
557 2823 715 2858 BGVAT.
778 2827 835 2858 DE
847 2827 878 2860 z
893 2850 900 2858 .
915 2851 922 2859 .
940 2850 947 2858 .
997 2825 1053 2860 24.
1069 2850 1076 2861 .
1091 2848 1100 2858 .
1115 2848 1123 2859 .
1139 2826 1192 2860 ἓζο
1204 2839 1248 2854 -·--
1260 2826 1396 2858 materie
1408 2835 1450 2858 m.
1476 2825 1526 2858 De
1541 2825 1627 2858 ΑΒΕ
1645 2825 1694 2857 ni-

1805 101 1812 120 i
