1812 3184
1649 0 1812 125 ,Ἴ

292 313 384 356 ,ιιώί
422 311 625 356 Romanae
667 321 734 356 aut
770 312 902 370 Scipio
943 316 1100 371 'deesset
1138 323 1205 358 aut
1243 315 1441 373 Carthago
1486 323 1726 374 superesset.
1757 312 1759 315 ’

297 377 396 423 XV.
430 381 549 435 [54.]-
583 380 687 435 Quid
706 383 873 423 referam
897 383 1060 424 duorum
1075 382 1328 424 Lucullorum
1353 385 1578 442 diremptam
1603 392 1730 427 morte

299 448 573 489 concordiam?
632 447 735 502 Quid
759 447 997 506 Pompeios?
1025 451 1162 505 quibus
1191 465 1239 492 ne
1268 452 1340 492 hoc
1367 452 1518 506 quidem
1536 452 1730 497 ,saeuiens

299 514 454 569 reliquit
477 516 654 569 fortuna,
689 524 730 557 ut
752 531 827 557 una
851 517 1016 572 denique
1041 518 1291 559 conciderent
1311 519 1437 560 ruina.
1496 518 1610 562 Uixit
1622 517 1731 563 Sex-

300 589 360 622 tus
389 580 600 637 Pompeius
624 583 786 638 primum
816 577 944 625 sorori
973 591 1173 640 superstes
1203 586 1312 627 cuius
1340 593 1466 627 morte
1488 586 1639 642 optime
1665 599 1731 627 co—

299 648 495 689 haerentis
528 649 732 691 Romanae
763 651 869 705 pacis
908 651 1060 692 uincula
1099 653 1271 693 resoluta
1303 660 1408 694 suut.
1462 653 1649 708 idemque.
1669 652 1731 694 liic

298 715 399 756 uixit
422 724 622 771 superstes
648 718 792 772 optimo
818 718 929 758 fratri
952 732 1065 772 quem
1095 720 1247 759 fortuna
1269 719 1308 759 iu
1335 719 1407 760 boc
1434 726 1642 771 erexerat,
1660 774 1663 776 q
1680 732 1730 760 nc

297 782 423 822 minus
449 782 526 824 alte
555 797 642 824 eum
672 779 978 839 deiceret'quam
1008 793 1157 840 patrem
1186 786 1396 827 deiecerat.
1445 793 1485 828 et
1511 793 1599 842 post
1629 786 1729 828 hunc

300 855 429 891 tamen
465 863 596 890 casum
628 849 778 893 Sextus
807 850 1021 906 Pompeius
1049 867 1127 893 non
1150 859 1299 893 tautum
1326 853 1481 904 dolori,
1513 852 1582 895 sed
1613 853 1730 894 etiam

265 915 401 956 2bello
445 917 614 958 suffecit.
691 916 995 959 Innumerabilia
1035 919 1204 973 undique
1246 920 1425 974 exempla
1465 927 1729 975 separatorum

297 989 423 1022 morte
460 984 620 1024 fratrum
647 991 902 1026 succurruut=
943 985 1061 1026 immo
1088 993 1225 1026 contra
1251 986 1321 1028 uix
1352 986 1430 1026 ulla
1459 999 1637 1040 umquam
1662 981 1731 1027 ho-

297 1063 380 1089 rum
404 1049 511 1103 paria
529 1057 737 1104 conspecta
756 1058 846 1091 sunt
863 1065 940 1092 una
962 1052 1222 1093 senescentia.
1264 1052 1341 1093 sed*
1351 1058 1556 1095 contentus
1574 1058 1739 1099 nostrae

298 1116 434 1155 domus
467 1117 658 1171 exemplis
689 1130 772 1157 ero.
832 1116 963 1158 Nemo
997 1118 1100 1159 enim
1132 1125 1222 1169 tam*
1245 1132 1388 1173 expers
1414 1118 1490 1161 erit
1517 1120 1658 1161 sensus
1686 1133 1732 1160 ac

297 1182 497 1233 sanitatis,
531 1190 574 1223 ut
598 1184 791 1231 fortunam
814 1184 880 1225 ulli
901 1192 1086 1239 queratur
1100 1185 1244 1226 luctum
1264 1182 1464 1227 intulisse}
1497 1199 1610 1240 quam
1633 1185 1732 1227 sciet

298 1249 415 1288 etiam
433 1247 662 1308 ‘Caesarum
697 1251 878 1292 lacrimas
910 1252 1156 1306 concupisse.
1214 1251 1342 1293 Diuus
1370 1253 1573 1307 Augustus
1604 1252 1733 1293 amisit

296 1313 503 1356 Octauiam
534 1331 711 1358 sororem
734 1318 974 1358 carissimam
1001 1325 1041 1358 et
1066 1331 1116 1359 ne
1134 1318 1342 1372 eiquidem
1365 1332 1495 1359 rerum
1516 1325 1656 1360 natura
1673 1319 1730 1360 lu-

297 1382 414 1435 gendi
441 1384 713 1424 necessit-atem
735 1385 891 1425 abstulit
917 1384 977 1425 cui
1004 1385 1153 1425 coelum
1179 1385 1465 1426 destinauerat:
1495 1385 1614 1426 immo
1633 1398 1730 1426 uero

297 1449 397 1489 idem
430 1450 533 1489 omni
563 1464 709 1504 genere
740 1451 916 1491 orbitatis
954 1459 1120 1492 uexatus
1149 1452 1299 1492 sororis
1337 1452 1453 1492 filium
1490 1451 1731 1493 successioni

266 1523 567 1570 spraeparatum
606 1531 700 1558 suae
735 1518 914 1571 perdidit.
982 1517 1163 1572 Denique
1198 1531 1246 1558 ne
1280 1518 1454 1572 singulos
1490 1517 1575 1559 eius
1605 1518 1730 1560 luctus

300 1595 521 1623 enumerem
535 1615 545 1635 ,
579 1592 616 1624 et
632 1598 803 1638 >generos
823 1585 887 1625 ille
907 1585 1036 1625 amisit
1053 1592 1093 1625 et
1109 1585 1254 1625 liberos
1271 1591 1313 1625 et
1330 1591 1518 1640 nepotesz
1549 1598 1594 1625 ac
1616 1590 1731 1626 nemo

300 1651 422 1703 magis
452 1664 504 1690 ex
531 1651 709 1691 omuibus
735 1652 962 1692 mortalibus
988 1651 1182 1691 hominem
1209 1664 1297 1692 esse
1319 1665 1386 1702 se,
1419 1652 1507 1692 dum
1534 1651 1638 1693 iuter
1663 1650 1732 1692 ho-

299 1717 423 1757 miues
454 1725 559 1768 erat,
600 1717 740 1758 sensit.
802 1717 957 1758 Tamen
989 1724 1046 1758 tot
1074 1725 1280 1773 tantosque
1309 1718 1434 1760 luctus
1468 1717 1572 1773 cepit
1594 1718 1730 1759 'rerum

299 1778 469 1824 omnium
494 1784 788 1838 capacissimum
812 1785 895 1825 eius
917 1792 1051 1840 pectus
1074 1785 1275 1839 uictorque
1299 1785 1410 1826 diuus
1431 1785 1635 1839 Augustus
1654 1799 1732 1825 non

267 1874 280 1899 4
301 1851 470 1903 gentium
492 1852 755 1891 tautummodo
772 1850 1042 1903 externarum,
1060 1852 1134 1904 vsed
1151 1852 1267 1892 etiam
1286 1852 1461 1892 dolorum
1481 1852 1567 1893 fuit.
1610 1849 1731 1892 Caius

302 1915 476 1969 Caesar,
510 1918 586 1958 diui
611 1917 778 1972 Augusti
802 1919 983 1959 auunculi
1005 1919 1078 1959 mei
1096 1918 1195 1958 lilius
1218 1932 1264 1958 ac
1284 1931 1427 1972 nepos,
1460 1918 1563 1959 circa
1586 1918 1730 1973 primos

296 200 380 245 340
793 242 813 257 „
834 204 904 244 Ao
935 203 1187 246 romaum

505 2029 585 2071 Cap.
601 2030 675 2060 XV.
703 2027 788 2072 [34]

348 2085 404 2114 BG
417 2099 458 2111 =
474 2087 538 2116 Luc
550 2087 690 2116 illorum.
717 2085 801 2115 EGr.
817 2087 867 2118 Ξ.
884 2108 893 2119 .
906 2108 914 2119 0
932 2085 993 2119 OEl.

303 2128 429 2163 §Bhffiu
442 2131 494 2163 281>
507 2144 551 2155 Ξ
564 2131 613 2159 dir
623 2133 734 2168 eptam
756 2132 861 2160 morte.
907 2130 937 2160 V
949 2144 994 2156 =

302 2183 345 2205 ue
357 2184 372 2204 c
394 2175 449 2205 hoc
472 2175 605 2213 quidem.
655 2174 684 2203 G
698 2173 800 2215 (moe)
816 2187 858 2199 Ξ
873 2177 905 2204 ut
930 2184 992 2206 una

301 2219 322 2248 d
333 2220 396 2249 evi
407 2228 467 2250 am
489 2219 668 2249 concideret.

346 2264 486 2303 idemque
508 2264 527 2294 h
538 2264 549 2293 i
559 2272 574 2293 c
586 2277 628 2288 Ξ
646 2262 790 2293 BGVDE
806 2262 863 2293 Gr.
877 2262 945 2297 3252).

302 2307 333 2340 ‘E
354 2330 363 2341 .
379 2328 412 2340 ..
433 2308 556 2341 θίιιὲὃο
581 2326 620 2330 -
642 2308 700 2338 hic.
749 2307 779 2338 G
800 2322 844 2334 Ξ
867 2311 894 2338 et
922 2311 992 2347 post

300 2354 343 2382 tu
352 2362 389 2383 nc
411 2355 514 2382 tamen
537 2361 655 2383 casum.

347 2398 498 2428 Sextus
530 2398 760 2436 Pompeius
784 2400 992 2428 momontum

300 2455 346 2468 =
361 2441 506 2472 l³2GVDE
519 2441 615 2474 an
628 2465 636 2474 .
652 2464 662 2475 .
679 2463 687 2473 .
702 2442 814 2477 (2232.
872 2442 916 2475 {DZ
931 2464 940 2474 .
955 2464 964 2475 .
979 2464 987 2475 .

300 2487 355 2519 {Ru
370 2487 422 2520 §230
437 2504 470 2508 —
490 2487 602 2516 Sextus
625 2487 734 2524 Pomp.

357 2532 410 2562 sed
443 2532 535 2561 etiam
570 2532 646 2561 bello
675 2544 720 2556 =
755 2530 900 2562 BGVDE
932 2530 988 2562 Gr.

300 2574 393 2606 Rom·
464 2577 514 2608 Ξ.
530 2597 539 2609 .
555 2598 563 2608 .
578 2576 630 2608 ἓὲζι)
644 2592 682 2597 -—
696 2576 799 2605 etiam.

343 2629 374 2661 2.
401 2630 467 2660 mG
489 2644 531 2656 =
556 2633 771 2669 separatorum.
804 2632 917 2662 inter
947 2641 988 2663 se

296 2676 440 2712 fratrum.
490 2676 518 2703 (ἶ
532 2689 575 2701 Ξ
589 2684 718 2713 expars
741 2676 807 2706 erit.
857 2675 914 2706 GE
927 2673 984 2707 1³4.

297 2720 365 2748 Ort.
390 2733 434 2745 =
455 2721 527 2750 illi
549 2722 696 2759 queratur
717 2720 841 2750 luctum.
888 2719 985 2751 VP2.

296 2764 326 2796 Ξ
339 2786 348 2797 .
362 2786 371 2795 .
387 2786 395 2796 .
411 2765 472 2796 (52.
494 2778 538 2791 =
560 2765 648 2794 ullis
679 2767 826 2803 queratur
857 2765 982 2796 luctum.

294 2806 378 2838 Rell.
402 2806 500 2838 etiam
525 2807 612 2838 Pinc.
634 2807 689 2839 1‘3.
720 2820 770 2838 ω,
819 2808 848 2838 G
868 2823 913 2836 =
931 2811 983 2839 la-

1040 2031 1155 2062 crimas
1181 2031 1360 2062 Caesarum.
1404 2027 1504 2061 P2.4.
1525 2030 1595 2061 Ort.
1614 2044 1658 2057 =
1681 2031 1730 2061 di-

1039 2084 1097 2105 vus
1126 2076 1282 2114 Augustus
1314 2076 1459 2106 dimisit.
1507 2073 1627 2116 probat
1659 2074 1730 2106 fere

1042 2118 1135 2149 Grut.
1161 2118 1227 2149 Sed
1246 2130 1323 2150 mss.
1348 2119 1448 2150 etiam
1472 2118 1530 2151 1²3.
1549 2132 1600 2151 ω.
1647 2121 1729 2150 ΒΞ

1038 2166 1199 2193 octavam
1222 2173 1366 2194 sororem.
1414 2166 1445 2197 3
1466 2173 1511 2191 Ξ
1536 2165 1728 2203 Optaviam

1037 2216 1181 2237 sororem.
1228 2208 1254 2237 E
1269 2225 1309 2230 ——
1324 2211 1454 2238 vexatus
1475 2213 1553 2250 post
1575 2210 1726 2239 orbitatis.

1038 2251 1064 2281 E
1077 2265 1121 2277 Ξ
1134 2252 1359 2291 praeparatum
1382 2261 1397 2283 s
1407 2261 1428 2282 u
1438 2253 1459 2283 i.

1078 2303 1112 2338 3.
1139 2306 1196 2337 DE
1208 2321 1253 2333 =
1270 2316 1289 2338 a
1301 2316 1316 2338 c
1339 2310 1470 2346 nepotes.
1514 2307 1578 2342 Vx
1589 2330 1601 2342 .
1615 2330 1624 2342 .
1639 2329 1649 2339 .
1662 2308 1724 2342 (ξῖ.

1036 2364 1081 2377 Ξ
1094 2353 1133 2381 at
1155 2360 1244 2382 nemo
1266 2354 1378 2391 magis.
1416 2350 1500 2382 Rell.
1525 2351 1624 2383 etiam
1634 2351 1724 2383 Pinr.

1038 2395 1095 2426 Gr.
1113 2407 1163 2425 ω.
1213 2395 1242 2426 G
1256 2413 1303 2418 -—
1323 2405 1354 2426 se
1376 2402 1452 2438 post
1474 2397 1628 2428 hominem
1650 2406 1721 2428 esse.

1038 2439 1069 2470 G
1091 2455 1135 2466 =
1156 2450 1264 2472 nunc
1298 2443 1399 2471 tantos
1412 2446 1417 2448 ⁷
1430 2442 1530 2472 luctus
1561 2443 1650 2480 cepit.
1696 2441 1724 2471 D
1743 2470 1745 2472 ,

1039 2484 1143 2527 (mm)
1159 2483 1290 2515 EP2.4.
1304 2485 1372 2515 Ort.
1387 2486 1461 2519 3.,
1475 2509 1483 2518 .
1498 2487 1530 2518 (59⁸
1552 2500 1595 2512 =
1614 2495 1724 2517 nunc

1035 2532 1075 2560 tot
1099 2533 1258 2568 tantosque
1280 2531 1388 2560 luctus.
1424 2530 1477 2570 BV
1487 2529 1576 2560 Piuc.
1588 2541 1617 2560 v.
1630 2529 1652 2561 l.
1666 2529 1721 2561 P3.

1041 2586 1090 2605 ω.
1127 2573 1246 2605 uGVD
1260 2573 1317 2604 1³2.
1331 2571 1406 2607 4.OE
1418 2596 1428 2607 .
1443 2597 1452 2608 .
1467 2597 1476 2608 .
1491 2575 1535 2613 5.).ὶί
1545 2583 1723 2614 =paca=

1033 2621 1194 2650 tissimum
1213 2621 1329 2657 pectus.
1365 2617 1450 2650 EP4.
1463 2616 1531 2649 O'rt.
1544 2634 1587 2647 =
1597 2628 1650 2658 pa
1659 2628 1675 2649 c
1686 2628 1721 2648 a-

1033 2665 1189 2695 ctssimum
1211 2665 1326 2701 pectus.
1375 2662 1470 2694 Grut.
1494 2662 1533 2694 ci.
1559 2665 1579 2697 §3
1593 2686 1602 2696 .
1617 2685 1628 2697 .
1642 2685 1652 2697 ,
1667 2664 1720 2697 §Bo

1037 2720 1086 2738 ω.
1114 2708 1157 2739 cf.
1179 2706 1327 2738 Oudend.
1350 2706 1392 2738 ad
1415 2708 1493 2739 Luc.
1515 2708 1540 2746 Ι,
1563 2704 1640 2740 461.
1666 2706 1719 2738 Ι’“.).

1030 2767 1075 2780 =
1091 2752 1304 2784 tantummodo
1327 2755 1376 2783 ext
1387 2761 1401 2783 e
1411 2762 1429 2783 r
1439 2761 1542 2784 arum.

1073 2805 1105 2840 4.
1119 2808 1267 2839 avunculi
1282 2808 1344 2839 mei
1362 2802 1494 2846 {ilius
1513 2816 1559 2839 ac
1575 2803 1720 2846 nepos:
