1812 3184
295 209 379 253 694

739 211 790 262 ι.
822 210 1019 251 ΑΝΝΑΕι
1052 210 1281 252 SENECAE

297 319 612 375 frequentissime
638 326 767 363 tamen
795 321 899 362 cirea
920 318 1265 376 septemtrionem.
1325 320 1470 367 Forma
1492 322 1551 365 eis
1569 333 1652 367 non
1671 329 1733 365 est

267 403 283 430 2
299 401 397 430 una:
440 388 614 443 quamuis
639 388 740 430 enim
764 387 909 431 Graeci
931 388 1155 430 discrimina
1176 388 1340 431 fecerint
1361 403 1496 432 eorum
1523 390 1663 446 quibus
1690 391 1732 434 in

296 466 444 496 morem
467 455 611 496 barbae
640 456 791 497 flamma
814 455 1005 511 dependet
1031 462 1070 497 et
1094 469 1228 497 eorum
1260 456 1324 511 qui
1358 457 1526 513 undique
1553 457 1657 501 circa
1673 470 1732 501 'se

295 521 403 563 uelut
427 535 576 563 comam
598 529 786 578 spargunt
809 530 848 564 et
871 536 1006 564 eorum
1029 522 1167 578 quibus
1199 524 1313 565 fusus
1338 516 1491 579 quidem
1523 527 1585 566 θεῖ
1609 523 1728 581 ignis,

295 588 365 629 sed
390 588 429 629 in
460 589 647 630 uerticem
677 590 866 642 tendens,
910 596 1039 631 tamen
1063 590 1128 631 isti
1149 599 1285 632 omnes
1309 591 1481 633 eiusdem
1505 598 1733 636 notae’sint

297 661 550 710 cometaeque
578 663 688 698 recte
716 656 910 698 dicuntur.
971 655 1148 711 Quorum
1170 671 1256 699 cum
1280 664 1369 714 post
1395 658 1552 713 longum
1581 665 1731 716 tempus

266 735 283 762 3
299 721 513 777 adpareant
535 723 700 778 formae,
741 724 846 765 inter
864 737 907 765 se
931 737 999 765 eos
1019 739 1237 780 conparare
1260 725 1409 766 difficile
1433 720 1516 768 est:
1556 725 1624 768 illo
1644 726 1730 783 ipso

296 794 472 844 tempore
492 805 566 845 quo
584 791 772 846 adparent
789 791 893 832 inter
906 798 1129 845 spectantes
1148 792 1195 833 de
1214 792 1345 833 babitu
1366 792 1517 834 illorum
1539 807 1619 835 non
1635 807 1730 835 eon-

293 854 424 906 uenst,
468 858 535 898 sed
564 865 678 913 prout
699 857 838 912 cuique
866 858 997 899 acrior
1026 858 1131 899 acies
1151 865 1224 910 Vaut
1253 858 1454 911 hebetior,
1493 859 1550 901 ita
1578 859 1634 902 ait
1661 867 1730 902 aut

292 921 520 964 lucidiorem
544 938 632 966 esse
656 932 723 966 aut
753 924 1067 966 rubicundiorem
1092 932 1131 965 et
1156 925 1285 966 crines
1305 932 1372 966 aut
1393 926 1432 965 in
1454 925 1643 967 inferiora
1661 927 1729 968 de-

292 987 429 1029 ductos
452 997 518 1030 aut
539 991 579 1031 in
602 991 724 1031 latera
750 990 947 1031 dimissos.

1009 989 1089 1032 Sed
1110 991 1194 1031 siue
1219 998 1311 1032 sunt
1330 991 1478 1045 aliquae
1500 1005 1636 1034 eorum
1658 993 1731 1035 dir-

291 1054 482 1096 ferentiae
502 1056 587 1098 siue
607 1071 686 1097 non
710 1064 825 1109 sunt,
868 1057 1003 1098 eadem
1025 1057 1118 1098 fiant
1139 1058 1291 1099 ratione
1323 1071 1486 1099 necesse
1513 1063 1730 1102 est'oome·

257 1135 276 1162 4
293 1126 370 1161 tae.

432 1120 530 1163 Illud
552 1137 670 1165 unum
695 1131 876 1164 constare
902 1124 1017 1165 debet
1042 1131 1199 1179 praeter
1226 1125 1382 1166 solitum
1412 1125 1556 1181 adspici
1587 1134 1728 1176 nouam

290 1187 432 1228 sideris
464 1189 600 1231 faciem
627 1191 730 1231 circa
754 1205 798 1231 sc
822 1191 1045 1246 dissipatum
1068 1191 1197 1246 iguem
1219 1191 1425 1233 trahentis.

1487 1192 1727 1248 Quibusdam

291 1254 536 1308 antiquorum
561 1258 684 1311 placet
707 1258 800 1298 haec
825 1258 948 1299 ratio:
982 1272 1067 1299 cum
1089 1272 1142 1299 ex
1163 1259 1286 1300 stellis
1311 1259 1529 1302 errantibus
1550 1260 1664 1303 alteri
1683 1275 1727 1303 se

291 1320 414 1362 altera
435 1323 639 1378 adplicuit,
683 1325 847 1366 confuso
868 1325 909 1365 in
933 1339 1051 1366 unum
1080 1326 1240 1366 du'arum
1268 1326 1412 1367 lumine
1435 1327 1554 1368 facies
1576 1327 1727 1382 longio-

289 1386 345 1428 ris
376 1388 516 1430 sideris
543 1391 732 1432 redditur.

336 1477 417 1508 EeG
432 1478 490 1510 Gr.
504 1480 538 1514 §B
549 1503 587 1514 m
601 1481 634 1514 (55
647 1495 691 1508 =
705 1482 808 1521 forma
834 1479 912 1521 [ΘΙ.
926 1504 935 1514 .
949 1503 959 1514 .
973 1503 984 1514 0

292 1521 325 1555 (55
337 1536 391 1553 =.
413 1524 542 1565 Forma]
560 1527 651 1557 eius
667 1535 727 1557 non
746 1529 788 1556 est
804 1535 878 1556 una.
903 1524 985 1556 For-

289 1571 359 1597 tun.
373 1565 413 1598 ci.
426 1570 595 1600 =Forma
619 1572 684 1601 eiu
697 1579 712 1601 s
734 1573 777 1601 est
795 1579 869 1601 una.
895 1570 983 1602 Erm.

292 1609 517 1643 ci.=F0rma
534 1615 577 1644 eis
599 1617 643 1646 est
664 1623 729 1646 urla
754 1624 818 1644 om.
842 1624 913 1645 non.

335 1653 368 1687 2.
389 1656 438 1687 Ee
454 1674 488 1680 -
503 1659 624 1690 Graeci.
645 1657 734 1701 quod
758 1657 901 1689 fortasse
918 1669 986 1690 non

291 1705 342 1731 est
362 1701 517 1732 Senecae.
566 1704 590 1733 B
605 1721 645 1727 --
659 1705 783 1734 barbae.
832 1704 854 1733 B
866 1717 910 1729 =
922 1705 985 1734 vel-

289 1747 324 1776 ut
344 1754 466 1777 comas
487 1751 649 1787 sparyunt.
674 1748 699 1778 B
713 1749 890 1787 -quidem
911 1753 986 1790 post

289 1790 389 1829 susus.
438 1790 532 1822 (31³4.
549 1791 620 1823 Col.
635 1791 733 1826 Qffl.
746 1807 791 1819 =
802 1794 891 1832 fusus
911 1794 960 1824 ad
971 1810 985 1816 -

290 1836 350 1865 est
370 1835 460 1874 tynis.
508 1834 565 1868 P3.
586 1851 631 1864 =
652 1838 740 1877 fusus
762 1838 868 1877 quod
892 1841 934 1868 est
957 1838 984 1868 2·-

288 1879 369 1918 ynis.
418 1880 442 1910 E
462 1879 553 1911 Fort.
573 1894 622 1912 ω.

335 1926 439 1955 tamen
465 1926 515 1956 isti
538 1935 642 1958 omnes
653 1941 698 1953 =
710 1928 767 1958 Ee.

289 1966 323 2001 ἇῗ
342 1982 388 1995 =
409 1971 511 2001 tamen
535 1980 639 2003 omnes
656 1973 717 2003 isli.

289 2021 321 2043 se
344 2022 395 2044 eos
417 2023 601 2053 comparare

335 2055 367 2087 3.
387 2057 514 2098 G(sm)
527 2062 646 2098 —ipso
663 2067 740 2091 anre
758 2064 901 2100 tempore.
926 2059 983 2094 24.

294 2103 329 2137 -4-
347 2102 425 2132 inter
448 2111 486 2132 se
509 2107 690 2142 spectantes.
740 2105 769 2135 G
783 2112 877 2145 (sco)
891 2120 933 2131 =
946 2107 984 2136 de

290 2145 398 2175 habitu
420 2153 434 2175 e
445 2155 567 2177 orum.

337 2191 391 2219 aut
408 2190 588 2230 hebetior,
603 2192 647 2221 ita
664 2193 783 2222 ait=
799 2193 842 2222 Ee
855 2193 954 2225 {Wan-

290 2232 318 2263 B
338 2247 383 2259 =
404 2235 458 2263 aut
479 2235 610 2266 hebetior
633 2239 689 2266 est
718 2237 763 2267 ita
786 2238 902 2268 dicit.
952 2237 981 2267 G

291 2280 402 2308 ===aut
426 2278 618 2311 hebetatior
642 2279 702 2321 [cr.
721 2293 771 2311 ω.
800 2291 815 2311 s
840 2282 912 2321 est]
939 2283 983 2311 ila

292 2322 390 2352 adal
414 2322 474 2363 (cr.
498 2323 596 2365 dat).
637 2323 705 2355 Col.
720 2326 875 2359 ἑὶζεαυι
898 2327 985 2356 hebe-

291 2368 399 2397 tatior
421 2367 466 2397 ita
489 2369 572 2398 dat.
622 2367 684 2402 (31.
699 2391 736 2403 ...
750 2368 817 2404 2231.
829 2370 885 2403 atu
898 2370 985 2403 St:

291 2413 345 2441 aut
375 2412 526 2452 hebetior,
557 2415 602 2444 ita
626 2414 744 2445 dicit.
790 2412 849 2446 1³3.
866 2412 897 2444 4.
915 2413 983 2448 ffi‘z.

290 2468 335 2482 ==
355 2458 410 2486 aut
433 2456 623 2489 hebetatior
644 2460 689 2489 ila
713 2460 766 2490 ait.
815 2460 839 2490 B
861 2462 985 2493 =aut

290 2501 331 2530 lu
342 2501 517 2532 ditiorem
536 2501 615 2544 [hoc
635 2504 740 2544 cneo]
765 2507 818 2534 aut
838 2505 984 2534 rubicun-

289 2545 409 2576 diorem
432 2553 504 2577 esse.
554 2545 608 2579 P3.
636 2550 668 2584 -l-
695 2552 768 2579 aut
804 2549 984 2579 lividio-

289 2597 370 2619 rem
396 2592 451 2620 aut
472 2592 652 2623 lucidiorem
675 2602 748 2624 esse.
783 2591 881 2626 §BQL
897 2593 983 2625 ”Rau

289 2633 389 2666 mOE'l.
404 2648 446 2660 =
458 2639 513 2666 aut
536 2638 751 2668 lividiorem.
801 2637 984 2678 G(s<x>)=

291 2680 363 2707 aut
386 2680 494 2710 crines.

335 2725 391 2753 aut
422 2725 463 2755 ίη
495 2726 667 2765 inferiora
692 2727 839 2758 deductos
870 2730 924 2758 aut
952 2728 984 2758 in

292 2767 391 2796 latera
413 2768 591 2801 dimissos.
622 2771 673 2802 Ita
694 2769 901 2802 scribendum
919 2770 983 2801 du-

295 2819 343 2840 co.
369 2809 460 2842 Anic.
474 2813 557 2844 Scal.
570 2829 615 2842 -τ
627 2818 681 2847 aut
695 2817 728 2847 in
752 2816 899 2855 inferio-ra
913 2817 934 2846 d
944 2825 958 2847 e
971 2833 984 2840 -

838 1927 931 1961 BGJB
945 1949 983 1961 ..0

765 1972 794 2003 G
817 1986 861 1998 =
882 1974 985 2003 intus

793 1405 867 1432 nec
897 1392 970 1432 hoc
1002 1399 1093 1432 tunc
1121 1399 1269 1433 tantum
1300 1392 1455 1444 euenit,
1496 1403 1584 1435 cum
1612 1395 1724 1436 stella

1030 1483 1192 1513 missos.
1240 1481 1264 1511 B
1279 1480 1359 1512 Brit.
1379 1494 1423 1508 ==
1436 1484 1491 1512 aut
1510 1482 1544 1514 in
1562 1484 1725 1516 interiora

1030 1527 1225 1557 demissos
1248 1529 1304 1557 aut
1333 1526 1365 1557 in
1389 1527 1490 1558 latera
1518 1527 1724 1560 deductos.

1031 1571 1110 1601 EeG
1122 1585 1165 1597 =
1178 1574 1233 1601 aut
1255 1572 1288 1602 in
1303 1569 1350 1614 [G
1364 1588 1404 1594 -
1417 1569 1464 1614 in]
1481 1572 1533 1602 int
1543 1574 1646 1604 eriora
1669 1574 1724 1604 de-

1031 1616 1138 1647 ductos
1161 1618 1215 1646 aut
1239 1615 1344 1658 [Fort.
1369 1615 1427 1646 Gr.
1451 1614 1546 1647 codd.
1569 1617 1648 1660 Ops.
1659 1618 1720 1659 =J

1029 1661 1062 1691 in
1084 1662 1184 1692 latera
1206 1661 1227 1691 d
1239 1670 1253 1691 e
1263 1661 1382 1691 missos.
1428 1661 1460 1694 §23
1472 1682 1482 1694 .
1495 1683 1506 1695 0
1518 1683 1528 1695 .
1541 1660 1610 1696 931.
1622 1662 1680 1696 {Ru
1691 1662 1725 1696 ὁῗ

1030 1719 1074 1732 =
1095 1708 1151 1736 aut
1181 1706 1214 1736 in
1247 1706 1411 1736 interiora
1435 1705 1581 1737 deductos
1612 1709 1667 1739 aut
1690 1708 1723 1738 in

1030 1751 1129 1780 latera
1159 1750 1337 1780 divisos.
1394 1749 1497 1780 Gron.
1523 1748 1564 1782 ci.
1584 1749 1655 1784 982,
1675 1765 1722 1779 ==

1030 1797 1084 1824 aut
1108 1796 1140 1825 in
1159 1794 1306 1833 inferiora
1325 1795 1528 1826 demissos
1551 1797 1606 1826 aut
1623 1796 1656 1827 in
1673 1797 1721 1828 la·
1733 1820 1740 1826 ,

1028 1841 1093 1869 tera
1109 1840 1149 1870 di
1160 1839 1180 1869 d
1192 1847 1236 1869 uc
1248 1841 1316 1870 tos.
1343 1837 1433 1869 Idem
1445 1838 1547 1870 Gron.
1560 1838 1600 1870 ci.
1611 1844 1722 1873 ==aul

1027 1884 1061 1914 in
1092 1884 1257 1914 interiora
1290 1884 1448 1915 redactos
1479 1886 1535 1915 aut
1564 1885 1598 1916 in
1621 1886 1722 1917 latera

1029 1928 1050 1959 d
1060 1929 1071 1958 i
1082 1937 1101 1959 υ
1110 1929 1122 1959 i
1132 1937 1147 1958 s
1157 1937 1174 1958 ο
1185 1937 1209 1958 s.

1075 1973 1138 2004 Sed
1149 1973 1213 2003 sive
1236 1981 1250 2002 s
1261 1982 1282 2003 u
1293 1975 1334 2003 nt
1352 1973 1477 2012 aliquae
1497 1980 1512 2003 e
1524 1981 1638 2004 orum
1658 1974 1721 2014 dif-

1028 2018 1194 2057 terentiae,
1218 2018 1281 2048 sive
1301 2026 1362 2054 non
1386 2020 1482 2048 sunt
1501 2031 1546 2044 =
1568 2018 1625 2049 Ee.
1695 2019 1721 2050 B

1028 2076 1074 2089 =
1092 2062 1154 2093 Sed
1175 2062 1241 2092 ‘sive
1268 2064 1338 2092 sunt
1372 2062 1497 2101 aliquae
1531 2063 1722 2102 differentiae

1028 2115 1132 2137 eoram
1166 2107 1229 2136 sive
1261 2115 1323 2137 non
1355 2109 1436 2137 sant.
1485 2105 1516 2137 G
1536 2120 1580 2134 =
1603 2107 1666 2139 Sed
1691 2108 1721 2149 [s

1027 2151 1105 2190 sive]
1125 2153 1194 2180 sunt
1217 2152 1342 2189 aliquae
1357 2151 1548 2190 differentiae
1565 2152 1721 2183 illorum

1027 2195 1091 2224 sive
1113 2203 1174 2223 non
1192 2197 1272 2224 sunt.
1320 2194 1418 2227 2351.
1431 2209 1476 2221 =
1489 2196 1552 2226 Sed
1573 2197 1637 2227 sive
1650 2199 1722 2227 sunt

1027 2239 1151 2276 aliquae
1174 2238 1364 2276 differentiae
1397 2239 1552 2269 illorum
1574 2240 1638 2270 sive
1659 2250 1720 2271 non

1028 2284 1108 2312 sunt.
1156 2280 1219 2314 (512.
1235 2281 1259 2314 (ξ
1274 2296 1315 2307 =
1330 2282 1393 2312 Sed
1418 2283 1481 2313 sive
1503 2286 1574 2314 sunt
1595 2284 1720 2323 aliquae

1030 2327 1220 2365 differentiae
1244 2327 1422 2365 illorum,
1455 2327 1519 2358 sive
1542 2337 1603 2359 non
1626 2330 1718 2360 sint.

1031 2371 1063 2403 (55
1078 2392 1114 2403 ...
1128 2369 1160 2403 R
1173 2384 1216 2396 =
1233 2371 1294 2401 Sed
1317 2371 1380 2401 sive
1403 2371 1489 2402 sint
1511 2372 1636 2411 aliquae
1658 2372 1721 2413 dif-

1029 2415 1174 2454 serentiae
1197 2416 1366 2454 illorum,
1390 2416 1454 2446 slve
1477 2425 1538 2447 non
1560 2417 1658 2448 sint.
1693 2417 1720 2448 B

1029 2473 1075 2486 =
1096 2459 1206 2491 eadem
1237 2460 1254 2499 f
1259 2469 1279 2490 a
1290 2461 1373 2490 ciant
1401 2468 1519 2492 necesse
1540 2463 1584 2493 est
1602 2463 1722 2494 ratione

1028 2506 1171 2535 cometae.

1073 2544 1106 2578 4.
1131 2549 1270 2588 Βυηω)
1284 2550 1441 2588 —ignem
1464 2555 1540 2581 ante
1561 2551 1719 2583 trahentis.

1073 2594 1174 2632 placet
1195 2595 1270 2625 haec
1284 2595 1372 2626 satio
1384 2607 1429 2620 =
1440 2594 1497 2625 Ee.
1565 2594 1625 2626 BG
1635 2596 1669 2631 23
1681 2617 1720 2631 ...

1030 2637 1063 2671 St
1075 2652 1119 2664 Ξ
1132 2640 1207 2670 haec
1227 2639 1328 2677 placet
1349 2640 1440 2670 ratio.
1672 2649 1673 2652 ¹

1075 2684 1165 2714 alteri
1186 2692 1217 2714 se
1240 2684 1339 2714 altera
1356 2697 1400 2710 =
1417 2683 1474 2714 Ee.
1544 2684 1604 2716 BG
1615 2685 1648 2719 Q
1661 2706 1672 2720 .
1684 2706 1694 2718 .
1706 2706 1717 2718 .

1030 2727 1062 2760 Si
1074 2729 1229 2759 ==altera
1251 2736 1282 2758 se
1304 2729 1403 2760 alteri.
1451 2729 1474 2759 B
1497 2742 1542 2756 =
1560 2730 1718 2761 duorum

1030 2773 1154 2803 lamine.
1613 2805 1620 2810 ,

1075 2817 1195 2856 facies
1237 2818 1384 2858 Longioris
1415 2818 1526 2850 sideris
1555 2818 1716 2850 redditur
