1812 3184
285 200 299 240 ’1
309 197 365 241 40

247 317 263 342 3
283 316 414 351 tuum:
456 309 520 350 ille
548 310 590 350 in
619 308 735 350 alieni
766 309 1009 364 percussoris
1041 309 1148 350 uenit
1171 309 1387 352 arbitrium.

832 199 902 238 Al)
933 199 1165 240 MARClAM
1209 209 1212 212 ⁴

1448 324 1522 366 ego
1551 311 1644 353 nihil
1667 310 1708 353 in

281 389 342 417 nie
365 375 542 430 cuiquam
567 375 724 431 permisi
749 383 789 416 ct
811 375 898 416 cibo
921 375 1135 429 prohibitus
1162 377 1312 417 ostendi
1336 391 1448 431 quam
1479 392 1618 433 magno
1647 390 1709 419 me

279 443 434 486 iuuaret
462 444 590 483 animo
614 442 834 497 scripsisse.

897 440 981 483 Cur
1005 442 1043 483 in
1066 443 1180 484 domo
1207 450 1341 484 nostra
1366 443 1580 491 diutissime
1602 444 1710 499 luge-

276 517 344 551 tur
368 509 431 564 qui
454 509 678 550 felicissime
700 509 892 550 moritur?
921 509 1069 551 coimus
1093 523 1229 551 omnes
1254 510 1294 551 in
1318 524 1435 552 unum
1457 511 1711 566 uidemusque

281 591 359 618 non
383 577 458 617 alta
484 583 598 617 nocte
621 575 846 617 circumdati
872 576 925 616 nil
947 577 1046 631 apud
1067 591 1155 627 uos,
1190 583 1231 617 ut
1253 577 1412 632 putatis,
1443 577 1627 632 optabile,
1657 576 1713 619 nil

281 643 504 694 excelsum,
537 642 590 684 nil
611 643 867 699 splendidum,
898 643 965 684 sed
988 643 1145 684 humilia
1165 650 1302 684 cuncta
1324 651 1364 684 et
1381 644 1517 698 grauia
1536 650 1577 686 et
1592 643 1713 687 anxia

246 715 264 742 ⁴
283 717 323 752 et
345 717 500 765 quotam
530 716 677 765 partem
704 710 859 751 luminis
890 709 1015 751 nostri
1041 710 1270 752 cernentia?
1328 709 1431 764 Quid
1453 710 1578 753 dicam
1606 710 1712 752 uuila

282 777 344 818 hic
367 791 475 818 arma
504 777 647 818 mutuis
672 777 801 818 furere
825 777 1079 818 concursibus
1104 790 1177 818 nec
1203 778 1351 818 classes
1375 777 1564 819 classibus
1579 777 1712 831 frangi

282 858 355 885 nec
377 843 582 900 parricidia
603 850 671 885 aut
689 843 780 898 fingi
805 851 873 884 aut
890 843 1053 898 cogitari
1077 857 1149 885 nec
1173 844 1257 884 fora
1278 844 1408 885 litibus
1429 851 1607 900 strepere
1627 843 1712 886 dies

281 918 515 966 perpetuos,
557 908 651 952 nihil
678 910 719 951 in
749 910 942 962 obscuro,
986 911 1157 952 detectas
1188 917 1340 951 mentes
1369 918 1409 952 et
1436 916 1571 966 aperta
1599 923 1711 966 prae-

282 977 415 1018 cordia
440 984 479 1018 ct
503 977 543 1017 in
569 977 720 1032 publico
751 977 955 1032 medioque
984 977 1101 1017 uitam
1129 984 1168 1018 ct
1189 977 1315 1018 omnis
1349 977 1437 1018 aeui
1466 983 1712 1033 prospectum

281 1044 625 1097 uenientiumque?
680 1042 846 1084 quabat
876 1043 990 1084 unius
1022 1057 1085 1084 me
1125 1043 1245 1084 seculi
1279 1044 1380 1084 facta
1413 1055 1636 1099 conponere
1663 1037 1712 1084 'in

283 1116 393 1164 parte
417 1109 547 1150 ultima
578 1109 709 1149 mundi
735 1116 773 1150 et
794 1109 899 1150 inter
921 1109 1175 1165 paucissimos
1200 1117 1336 1164 gesta:
1377 1116 1435 1150 tot
1457 1109 1628 1161 secuia‚·
1652 1111 1715 1150 >tot

283 1182 450 1217 aetatum
477 1182 727 1227 contextum,
759 1175 925 1228 seriem,
958 1176 1136 1231 quicquid
1160 1189 1349 1217 annnorum
1374 1183 1435 1218 est
1454 1175 1546 1218 licet
1565 1175 1710 1218 uisere.

283 1242 375 1283 licet
404 1249 656 1293 surrectura,
702 1242 794 1283 licet
830 1243 979 1283 ruitura
1009 1257 1131 1297 regna
1161 1243 1384 1297 prospicere
1419 1249 1459 1284 et
1490 1255 1712 1298 magnarum

329 1330 362 1363 3.
389 1331 450 1362 GD
460 1345 505 1358 =
516 1333 610 1364 alieni
630 1341 701 1371 pers
710 1341 724 1363 e
734 1342 779 1364 cu
790 1334 880 1364 toris.
904 1343 926 1374 g
938 1350 981 1357 --

284 1379 376 1419 venir.
423 1377 620 1416 D=er90
650 1378 726 1408 nihil
747 1378 779 1408 in
803 1386 863 1408 me.
909 1378 979 1411 (55το

285 1435 330 1448 =
341 1423 367 1453 E
378 1431 395 1452 ο
419 1422 507 1453 nihil.
552 1421 582 1452 D
595 1435 639 1448 =
653 1422 738 1452 cito
758 1422 940 1460 prohibitus.

331 1475 428 1504 quam
457 1474 572 1505 niayno
605 1475 654 1497 me
679 1467 722 1496 iu
733 1475 752 1497 v
762 1475 781 1496 a
791 1475 808 1497 r
818 1469 852 1498 et
875 1467 980 1497 animo

287 1511 444 1550 scripsisse
456 1524 502 1537 =
514 1508 554 1542 ci.
578 1510 681 1551 Bong.
763 1510 832 1543 (31⁴0
845 1509 912 1544 ffil.
926 1510 979 1543 230

287 1568 331 1582 =-·
352 1564 447 1594 quam
477 1563 591 1593 mayno
622 1558 659 1585 et
686 1563 810 1594 quam
835 1554 981 1590 vivaci

288 1600 393 1631 areima
426 1600 641 1638 scripsissem.
689 1600 717 1630 A
738 1613 783 1625 ==
804 1608 900 1638 quam
931 1596 979 1640 [m

286 1652 402 1683 niagno
412 1653 460 1675 ‘me
482 1653 500 1682 q
512 1652 532 1673 u
543 1652 563 1673 a
573 1641 619 1685 m]
637 1644 678 1673 ui
690 1645 706 1673 b
718 1653 738 1673 a
748 1652 765 1674 r
785 1644 890 1674 animo
902 1643 980 1673 scri-

289 1689 399 1718 bsisse.
439 1687 468 1718 D
479 1701 524 1714 =
537 1696 642 1726 quam-
651 1696 766 1726 mayno
788 1696 836 1717 mc
856 1696 874 1726 q
886 1696 907 1717 u
919 1695 979 1717 am

288 1741 307 1763 v
319 1733 359 1762 iv
370 1733 436 1763 aci
478 1733 584 1763 animo
621 1732 763 1770 scripsiss
774 1740 789 1763 e
801 1741 842 1764 m.
887 1729 979 1761 Pinc.

290 1774 395 1806 omnis
417 1787 448 1807 v.
471 1774 494 1806 l.
508 1790 551 1802 ==
563 1776 704 1815 scripsiss
713 1785 727 1806 e
737 1785 779 1806 m.
826 1775 851 1805 B
862 1772 920 1806 1³4.
935 1788 980 1801 =

289 1829 385 1859 quam
405 1830 521 1860 magno
543 1829 591 1851 me
614 1829 632 1858 q
644 1829 664 1850 u
675 1829 694 1850 α
705 1829 736 1850 m
758 1821 826 1851 viv
836 1822 878 1850 at
905 1815 979 1859 [1²4.

289 1878 332 1892 =
355 1864 486 1907 iuvat]
519 1865 625 1895 animo
658 1865 826 1902 scripsisse.
885 1863 915 1893 G
936 1877 981 1890 =

289 1918 385 1948 quam
400 1918 523 1950 *viayno
543 1917 592 1938 me
613 1917 729 1946 quem
750 1910 856 1939 iuvat
877 1909 981 1939 animo

289 1953 457 1992 scripsisse.
502 1953 554 1993 vg
566 1949 622 1982 P‘2.
635 1950 667 1983 3.
682 1952 714 1985 ³2?
724 1974 736 1985 .
750 1974 761 1986 .
773 1974 782 1986 .
797 1952 829 1985 (93
842 1952 898 1986 {Ru
911 1951 981 1986 282.

289 2011 335 2026 π
346 2007 441 2037 quam
459 2006 574 2037 magno
596 2005 643 2027 me
659 1998 764 2028 iuvat
782 1998 887 2027 animo
905 1997 983 2027 scri-

288 2043 395 2080 psisse.
419 2040 510 2072 Pinc.
523 2040 562 2072 ci.
574 2055 617 2067 =
628 2049 723 2080 quam
743 2049 857 2080 magno
877 2050 955 2080 qua
967 2049 981 2071 e

289 2087 343 2116 iuv
355 2094 375 2115 a
387 2087 459 2115 bat
491 2087 596 2116 animo
636 2086 776 2124 scripsiss
785 2094 800 2116 e
809 2095 850 2116 m.
911 2083 981 2115 Col.

292 2143 335 2156 =
347 2138 443 2168 quam
463 2130 565 2160 iuvat
580 2130 684 2159 animo
705 2130 874 2168 scripsisse.
901 2127 982 2159 Cod.

291 2171 383 2215 lips.
396 2187 441 2201 =
464 2182 559 2212 quam
583 2182 696 2211 mayno
718 2182 765 2203 me
783 2182 903 2212 quam
926 2174 982 2203 iu-

291 2227 310 2248 v
322 2226 342 2248 ct
353 2218 390 2248 ci
412 2218 529 2247 animo.
574 2215 666 2257 Lips.
690 2215 728 2247 ci.
741 2230 786 2243 =
798 2225 894 2255 quam
913 2225 983 2247 ma-

291 2271 374 2301 gno,
416 2269 548 2300 neque
582 2262 746 2299 vivaci,
790 2262 895 2291 animo
930 2258 983 2291 vel

292 2314 390 2346 quam
404 2314 521 2344 magno
544 2313 656 2344 mea,
692 2314 813 2344 quam
835 2305 984 2336 vivaci

292 2351 408 2381 animo.
457 2348 610 2380 Ceterum
638 2348 740 2380 verba
761 2350 906 2380 Senecae
936 2347 984 2380 sic

292 2393 411 2435 iunge:
436 2402 532 2433 quam
541 2402 589 2424 me
612 2394 858 2433 iuvaretmayno
879 2394 984 2425 animo

292 2439 460 2477 scripsisse.
506 2435 565 2469 P2.
585 2451 632 2465 =
649 2438 683 2469 in
703 2438 794 2469 domo
812 2446 880 2469 ves
891 2440 949 2468 tra.

339 2491 442 2514 omnes
463 2483 495 2514 in
515 2491 613 2515 unum
630 2496 675 2510 =
694 2481 880 2523 BGVADg.
950 2481 983 2515 {R

294 2548 304 2560 .
318 2547 329 2560 .
343 2548 353 2559 .
366 2526 419 2560 ἑὸο
440 2541 485 2553 =
504 2528 536 2557 in
567 2536 665 2558 unum
688 2535 801 2558 omnes.
851 2524 920 2557 Col.
939 2539 983 2553 =

293 2572 434 2602 videmus
453 2580 512 2602 om.
533 2580 600 2611 que.

337 2623 419 2646 non
440 2616 506 2646 alta
527 2617 612 2646 nocte
634 2615 842 2647 circumdati
861 2629 906 2642 =
928 2615 984 2648 BV

296 2659 354 2689 AD
376 2659 480 2700 Bong.
506 2657 594 2689 Pinc.
617 2670 648 2690 v.
672 2657 694 2689 l.
721 2658 779 2691 Gr.
803 2659 835 2692 ’Ῐί
850 2681 860 2693 ι
875 2682 886 2693 .
900 2658 986 2694 ,Εέᾘ

293 2702 352 2736 {Ru
367 2701 436 2734 932.
507 2701 536 2733 G
559 2721 600 2726 —
625 2706 722 2735 nocte.
766 2703 838 2745 ng
861 2718 907 2732 =
925 2713 988 2736 non

295 2747 361 2776 αιια
383 2752 479 2776 voce
502 2747 698 2779 circumdati.
746 2746 810 2782 (512.
832 2769 842 2782 0
857 2771 868 2783 .
887 2770 896 2782 .
918 2749 987 2782 9231.

295 2790 348 2824 230
358 2802 405 2817 =
414 2797 433 2821 v
445 2798 462 2821 ο
472 2797 487 2821 s
503 2791 569 2820 alta
588 2795 674 2823 nocte
693 2793 880 2828 circumdar
889 2794 910 2825 i.
927 2795 986 2826 Nil.

1025 1333 1086 1364 VD
1098 1346 1142 1359 =
1155 1333 1254 1364 Nich
1265 1334 1290 1363 il
1314 1333 1401 1372 apud
1420 1342 1485 1365 vos.
1520 1331 1584 1364 Gm
1595 1330 1658 1367 (31.
1668 1346 1714 1360 =

1024 1379 1070 1409 nil
1101 1377 1254 1408 eoecelsum
1284 1379 1330 1408 nil
1360 1378 1377 1417 f
1384 1379 1394 1408 l
1404 1387 1419 1408 e
1429 1378 1561 1409 ndum.
1616 1377 1650 1409 G
1667 1391 1713 1405 =

1025 1424 1052 1453 et
1072 1423 1185 1461 gyrat-ia
1206 1430 1255 1453 un
1279 1423 1440 1453 anomia
1463 1425 1491 1453 et
1509 1424 1646 1453 votam.

1069 1465 1101 1497 4.
1125 1477 1146 1507 g
1158 1480 1201 1492 =
1210 1467 1312 1506 furere
1337 1468 1464 1498 mutuis.
1509 1465 1713 1506 V==perpe-

1025 1513 1092 1541 tuos
1111 1511 1185 1543 dies.
1204 1527 1206 1529 -
1232 1511 1336 1551 Bong.
1356 1509 1581 1545 mmc2.e=
1595 1512 1659 1543 vel
1679 1512 1713 1543 in

1025 1556 1162 1586 obscuro.
1209 1553 1294 1585 Bell.
1316 1553 1417 1585 etiam
1437 1553 1495 1586 Gr.
1513 1566 1564 1586 ω.

1067 1600 1425 1638 venientiumque?
1467 1600 1602 1631 Iuvabat
1619 1599 1714 1638 unitis

1023 1651 1071 1674 me
1089 1644 1184 1674 seculi
1202 1644 1288 1682 facta
1299 1656 1343 1669 =
1355 1643 1394 1674 A.
1455 1642 1516 1674 BG
1524 1641 1583 1676 1³2.
1596 1639 1629 1675 4.
1642 1642 1713 1676 Col.

1026 1687 1059 1721 ³3?
1073 1692 1101 1721 ..“
1115 1708 1127 1720 .
1141 1685 1260 1720 (52.=
1276 1699 1309 1716 ω
1340 1686 1419 1728 [OEl.
1438 1686 1711 1731 20=71uvaviss

1024 1733 1119 1763 unius
1149 1733 1244 1763 seculi
1274 1740 1322 1763 me
1349 1733 1445 1772 facta.
1500 1731 1610 1765 Etiam
1639 1731 1714 1764 cod.

1024 1774 1117 1817 Lips.
1133 1790 1177 1803 =
1196 1778 1450 1816 venientiumque.
1495 1775 1588 1820 Lips.
1611 1774 1651 1809 ci.
1669 1790 1715 1805 ==

1024 1821 1163 1852 venienti
1172 1830 1192 1851 a
1201 1830 1258 1860 que
1279 1826 1337 1861 ant
1360 1830 1376 1852 e
1386 1829 1404 1852 υ
1413 1831 1428 1853 e
1439 1831 1460 1853 n
1470 1825 1583 1862 taque.
1627 1821 1660 1854 V
1669 1835 1715 1850 ===

1026 1867 1295 1904 eventumque.
1328 1866 1432 1896 iuvat
1461 1867 1513 1897 ad
1544 1867 1637 1897 unius
1666 1875 1714 1898 me

1026 1909 1121 1939 seculi
1139 1909 1234 1947 sala.
1277 1912 1633 1950 g=eventumque.
1662 1912 1713 1942 iu-

1027 1955 1098 1984 vat
1121 1954 1292 1992 aliquid
1314 1955 1407 1985 unius
1425 1963 1474 1985 me
1492 1955 1587 1987 seculi
1607 1955 1712 1994 fata.

1027 1997 1056 2027 D
1071 2011 1115 2023 =
1126 2000 1389 2038 eventumque.
1421 1999 1527 2030 iuvat
1549 1998 1601 2030 ad
1622 2000 1715 2034 unius

1026 2042 1121 2072 seculi
1141 2050 1189 2072 me
1209 2042 1304 2081 fata.
1349 2040 1440 2074 Pinc.
1462 2053 1494 2076 v.
1511 2041 1535 2075 l.
1548 2052 1716 2075 πενθη-

1027 2089 1187 2125 tumque.
1240 2087 1372 2118 Iuvabat
1401 2088 1495 2118 unius
1522 2089 1617 2119 sectili
1633 2121 1638 2124 ,
1647 2089 1717 2128 [ata

1028 2140 1092 2160 om.
1112 2139 1160 2160 me
1173 2153 1183 2168 ‚
1217 2129 1313 2172 quod*
1337 2129 1418 2162 mihi
1439 2139 1569 2174 qnoque
1597 2130 1719 2164 leviter

1026 2179 1225 2215 suspectum.
1250 2172 1308 2206 1³3.
1321 2188 1367 2202 =
1379 2184 1394 2206 e
1404 2184 1424 2206 v
1435 2179 1645 2216 erutumque.
1664 2177 1717 2209 Iu-

1026 2226 1046 2248 v
1059 2220 1098 2248 at
1120 2219 1173 2248 ad
1192 2220 1285 2250 unius
1302 2220 1397 2250 seculi
1417 2228 1465 2251 me
1487 2220 1600 2259 satta.
1634 2219 1716 2252 Cod.

1027 2262 1091 2293 Iur.
1109 2276 1154 2289 =
1177 2263 1309 2294 Iuvabat
1330 2271 1379 2294 me
1399 2265 1493 2295 unius
1509 2265 1604 2296 seculi
1619 2265 1716 2304 facta.

1029 2306 1054 2340 (ξ
1073 2327 1131 2341 ..0
1154 2307 1199 2340 *m
1218 2320 1263 2333 =
1284 2309 1573 2347 eventumque?
1608 2310 1718 2340 Iuvat

1027 2352 1121 2382 unius
1139 2352 1236 2383 seculi
1251 2352 1345 2391 fata.
1370 2352 1391 2385 Σὲ
1402 2373 1414 2385 .
1426 2372 1437 2385 .
1451 2373 1461 2385 .
1476 2350 1534 2387 24.
1546 2366 1590 2379 =
1603 2361 1646 2384 ev
1656 2362 1718 2385 en-

1029 2397 1175 2434 tumque
1187 2396 1202 2426 ?
1226 2396 1359 2428 Iuvabat
1376 2396 1469 2427 unius
1487 2397 1582 2428 seculi
1601 2405 1648 2428 me
1659 2397 1718 2437 *fa-

1029 2441 1071 2470 ta
1092 2448 1190 2478 comp.
1236 2440 1306 2472 (Sto
1320 2461 1378 2474 ..0
1391 2440 1499 2474 ἔδοξ
1512 2444 1718 2474 eventum·

1028 2492 1085 2523 que
1097 2484 1113 2514 :²
1155 2485 1287 2517 Iuvabat
1318 2485 1410 2516 unius
1437 2486 1532 2516 seculi
1559 2494 1608 2518 me
1633 2486 1719 2525 facta

1028 2536 1128 2567 comp.
1174 2528 1203 2559 D
1217 2527 1335 2570 (cr-m)
1359 2542 1407 2557 =
1424 2530 1458 2560 in
1478 2531 1618 2568 partem
1645 2531 1718 2561 ulti-

1028 2580 1061 2603 m
1072 2581 1093 2602 α
1104 2581 1146 2602 m.

1075 2619 1248 2648 contextum
1259 2640 1270 2656 ,
1291 2618 1399 2649 seriem
1411 2630 1454 2644 =
1466 2617 1598 2648 BGAD.
1667 2617 1718 2659 vg

1030 2675 1077 2688 =
1097 2663 1287 2693 contextam
1308 2663 1428 2694 seriem.
1474 2661 1508 2694 ῧί
1531 2683 1542 2694 .
1556 2682 1566 2696 .
1579 2683 1589 2696 .
1610 2661 1664 2696 §Bo
1679 2665 1714 2698 -Ι-

1031 2708 1205 2736 contextum
1224 2709 1258 2737 et
1285 2706 1403 2737 seriem.
1452 2704 1483 2736 G
1492 2719 1538 2733 =
1548 2706 1612 2737 sub
1622 2709 1719 2738 rectu-

1031 2758 1081 2781 ra.
1128 2749 1160 2783 θί
1173 2771 1184 2784 .
1198 2770 1208 2783 .
1222 2771 1232 2783 .
1245 2747 1492 2792 (³:¹1.<m<0)=
1515 2751 1584 2782 licet
1610 2750 1719 2789 peri-

1034 2797 1105 2826 tura
1125 2801 1231 2834 regna.
