1812 3184
458 191 526 233 DE
554 189 999 241 TRANQUILLITATE'
1027 189 1191 230 ANIMI.
1250 189 1333 230 XV.

1538 188 1623 232 265

175 303 354 348 mellunt-
422 301 569 347 Catoni
595 304 765 347 ebrietas
789 303 942 346 obiecta
964 310 1051 346 est:
1095 302 1250 344 facilius
1279 301 1420 343 efficiet.
1447 301 1622 357 quisquis

174 371 365 414 obiecerit
385 371 460 414 hoc
482 373 631 414 crimen
654 373 859 415 honestum
883 385 998 427 quam
1021 377 1171 427 turpem
1185 367 1396 411 Catonem.
1443 367 1524 410 Sed
1548 382 1621 410 uec

173 452 294 496 saepe
317 439 535 482 faciendum
558 448 635 494 est,
668 454 718 482 ne
739 439 892 482 animus
913 438 1051 479 malam
1076 436 1398 478 consuetudinem
1419 436 1549 488 ducat,
1583 444 1623 478 et

174 506 384 564 aliquando
406 515 535 550 tamen
558 509 598 550 in
619 506 923 550 exsultationem
945 504 1243 560 libertatemque
1262 503 1532 546 extrahendus
1553 505 1622 546 tri-

175 575 325 632 stisque
344 575 540 618 sobrietas
559 574 797 617 remouenda
815 572 1029 629 paulisper.
1089 571 1212 624 Nam,
1243 573 1329 614 siue
1349 571 1508 615 Graeco
1529 586 1623 628 poe·
1641 586 1673 614 16

175 647 240 685 tae
258 643 476 696 credimus,
516 641 754 698 aliquando
775 645 818 683 et
836 641 1032 703 insanire
1052 640 1279 683 iucundum
1300 638 1387 693 est,
1423 641 1510 683 siue
1530 640 1635 694 Pla—A

175 709 274 761 toni,
303 708 480 766 sinestra
494 711 698 765 poeticas
713 708 842 765 fores
863 721 1028 763 conpos
1049 709 1117 750 sui
1136 709 1324 763 pepulit,
1353 709 1440 751 siue
1463 709 1623 752 Aristo-

173 776 268 829 teli,
298 777 462 820 nullum
481 790 679 833 maymtm
699 778 913 833 inqenium
932 777 1025 819 sine
1044 778 1236 819 mixtura
1256 777 1498 821 dementiae
1513 778 1624 835 suit:

173 857 252 886 non
272 851 401 902 potest
427 846 576 901 grande
603 845 748 900 aliquid
771 852 811 887 et
830 858 950 901 super
969 851 1126 886 ceteros
1145 845 1250 901 loqui
1270 845 1345 887 nisi
1367 854 1470 889 mota
1492 861 1619 890 mens.

115 910 118 915 ’
173 909 277 954 Cum
306 913 484 969 uolgaria
514 919 554 955 et
583 912 699 955 solita
730 913 966 970 contempsit
993 912 1258 969 instinctuque
1295 928 1411 967 sacro
1448 917 1625 965 surrexit

174 980 390 1032 excelsior,
413 987 506 1022 tunc
524 981 677 1023 demum
698 981 839 1036 aliquid
860 981 1003 1022 cecinit
1021 982 1208 1036 grandius
1224 996 1294 1023 ore
1315 983 1485 1025 mortali.
1525 983 1620 1027 Non
1642 999 1672 1026 ιτ

174 1054 304 1105 potest
323 1047 490 1091 sublime
513 1049 718 1104 quicquam
744 1055 783 1090 et
805 1048 845 1090 in
866 1049 988 1090 arduo
1013 1049 1180 1104 positum
1207 1051 1454 1106 contingere,
1488 1067 1623 1108 quam-

175 1116 242 1158 diu
260 1117 360 1173 apud
380 1130 426 1158 se
446 1123 530 1158 est:
563 1116 757 1158 desciscat
776 1123 966 1173 oporteta
979 1117 1097 1158 solito
1116 1124 1156 1159 et
1176 1118 1365 1160 efferatur
1385 1126 1425 1160 et
1445 1122 1625 1163 mordeat

176 1184 311 1226 frenos
333 1191 374 1226 et
390 1190 587 1226 rectorem
618 1184 744 1240 rapiat
763 1198 876 1226 suum
898 1198 1023 1239 coque
1056 1186 1159 1227 serat
1180 1200 1256 1241 quo
1277 1200 1347 1242 per
1366 1201 1410 1228 se
1430 1189 1624 1231 timuisset

181 1251 413 1294 escendere.
474 1251 625 1303 Habes,
660 1250 816 1294 Serene
841 1251 1046 1294 carissime
1063 1285 1074 1305 ,
1107 1267 1207 1308 quae
1232 1254 1384 1309 possint
1408 1257 1623 1312 tranquilli-

175 1325 294 1376 tatem
313 1319 431 1372 tueri,
458 1333 558 1375 quae
578 1320 806 1371 restituere,
839 1328 939 1375 quae
962 1320 1265 1376 subrepentibus
1289 1322 1392 1364 uitiis
1413 1324 1618 1367 resistant.

173 1384 273 1429 Illud
292 1393 427 1430 tamen
447 1386 549 1429 scito
572 1387 668 1429 nihil
696 1387 835 1429 horum
865 1387 963 1429 satis
990 1401 1081 1430 esse
1103 1389 1275 1431 ualidum
1296 1404 1380 1432 rem
1399 1391 1622 1435 inbecillam

175 1524 225 1556 Et
247 1524 392 1556 Solonem
409 1529 527 1556 contra
539 1529 644 1558 mstos
658 1523 758 1557 etiam
769 1526 873 1568 Bong.

176 1567 328 1601 BGVDE
351 1582 398 1596 ==
418 1570 727 1611 Archesilaumque.
785 1572 875 1605 ἐπε

177 1615 568 1654 Archesittanumque.
605 1615 668 1649 Ais
681 1638 691 1649 .
707 1638 718 1650 .
731 1616 806 1650 A&
824 1628 874 1647 ω.

176 1660 262 1691 B=
275 1659 472 1691 induxisse
493 1660 578 1691 vino.
627 1659 656 1691 G
678 1674 723 1687 =
742 1662 875 1693 inclu-

177 1706 269 1737 sisse
292 1705 375 1735 vino.
421 1703 453 1735 V
471 1718 517 1732 =
537 1705 732 1737 induta-isse
762 1714 794 1737 v.
841 1706 875 1740 *Ji

179 1771 190 1784 .
207 1750 289 1785 ..Β
308 1762 354 1776 =
377 1751 414 1781 et
436 1749 563 1789 facilius
585 1751 706 1790 efficit.
754 1748 818 1785 (ΕΙ.
836 1754 871 1789 -l-

178 1798 217 1828 et
239 1795 366 1836 facilius
389 1794 510 1834 efficiet.
557 1795 621 1829 (52.
635 1816 646 1828 .
660 1818 670 1830 .
683 1818 694 1829 .
709 1793 766 1830 24.
783 1799 817 1833 -l-
835 1799 877 1828 at

178 1840 306 1882 facilius
327 1839 378 1879 eff.
403 1844 520 1870 contra
540 1844 645 1871 mstos
668 1839 768 1872 etiam
784 1839 875 1873 Pinc.

179 1885 239 1918 Gr.
287 1883 513 1924 G=facilius
534 1885 705 1916 obiciet.
730 1887 875 1926 A(m<x>)

177 1930 372 1971 -qm'squis
389 1930 541 1970 obiecerit,
560 1929 627 1962 hoc.
651 1930 803 1962 BGVDE
816 1929 875 1963 P2.

176 1973 210 2008 3.
225 1973 297 2007 Col.
309 1975 382 2006 Ort.
397 1974 448 2009 θῖ.
461 1996 472 2009 .
487 1997 498 2009 .
510 1975 544 2009 -23
564 1989 612 2002 =
632 1977 772 2016 quisquis
795 1978 877 2009 obie-

177 2016 246 2054 c'it.
291 2018 383 2052 Pinc-
395 2030 428 2050 ν.
440 2018 462 2051 l.
483 2018 542 2051 1³4.
554 2035 600 2047 =
613 2022 753 2061 quisquis
775 2023 853 2053 obii
863 2039 877 2045 -

178 2067 273 2098 ciet.
291 2062 296 2066 ⁷
317 2061 552 2097 BGDEP2.4.
572 2066 604 2100 ξῐί
619 2088 630 2100 .
644 2088 654 2100 .
667 2088 677 2100 .
692 2067 726 2101 ᾖς
746 2084 789 2099 —
809 2068 877 2099 hoc.

176 2108 237 2144 P3.
260 2125 307 2139 =
329 2113 367 2143 et
409 2119 514 2142 erun
526 2112 592 2143 ari
627 2111 797 2144 honestum.
845 2111 876 2143 G

178 2157 274 2198 (εω)
286 2173 328 2181 -
345 2156 503 2188 catonem.
548 2154 607 2188 1²4.
622 2170 670 2184 =
690 2166 787 2197 quam
809 2160 876 2190 tur-

173 2204 224 2242 pe
247 2211 312 2233 om.
339 2202 514 2233 Catonem.
562 2201 717 2234 DE-et
739 2208 817 2234 ante
838 2212 876 2234 a·

175 2247 337 2287 liquando.
383 2245 409 2277 B
419 2259 465 2274 =
476 2255 492 2278 c
503 2256 563 2278 um
585 2248 619 2279 in
642 2248 874 2280 exultationem.

178 2290 264 2323 G=
276 2301 292 2324 c
302 2300 365 2323 um
387 2292 421 2323 in
443 2293 615 2324 exultation
625 2301 650 2324 e.
697 2293 726 2324 D
739 2294 802 2334 (cr.
819 2294 876 2335 ω)

175 2350 222 2365 —.=
243 2338 415 2369 libertatem
437 2346 504 2368 om.
528 2346 598 2377 que.
643 2337 704 2370 DE
720 2341 756 2377 -}-
772 2342 878 2371 extra-

176 2383 296 2415 hendus
318 2384 389 2414 est.

224 2445 277 2481 16.
302 2448 328 2479 Β
341 2462 387 2476 =
400 2450 470 2481 Gre
480 2459 501 2490 9
511 2459 529 2481 ο
548 2452 670 2489 poetae.
717 2450 743 2481 Β
759 2466 805 2479 =
816 2453 877 2483 ali-

178 2502 292 2534 quem
315 2496 343 2525 et
362 2495 510 2526 insanire.
555 2494 681 2528 V=el
703 2497 877 2537 aliquando

178 2539 328 2570 insanire.
373 2536 433 2570 1³3.
453 2553 498 2566 =
516 2549 651 2579 compos
662 2542 726 2572 uit
746 2543 877 2581 pepulit.

180 2582 243 2614 GD
264 2597 310 2610 =
330 2592 455 2622 compos
476 2585 527 2615 sui
548 2586 675 2623 repulit
701 2585 744 2628 (D
764 2600 811 2614 =
829 2595 878 2617 re-

174 2627 323 2669 pullit).
371 2625 462 2660 Pinc.
478 2639 510 2660 v.
522 2627 544 2659 l.
567 2641 612 2656 =
633 2632 793 2669 perpulit
817 2630 877 2674 [=

180 2671 258 2716 6,(5]
275 2678 331 2704 aut
346 2675 531 2713 compulit,
554 2684 622 2704 nou
638 2676 769 2714 pepulit.
791 2674 877 2706 Rell.

181 2716 282 2750 etiam
302 2716 361 2750 Gr.
377 2729 428 2749 ω.
474 2718 505 2750 V
516 2732 563 2746 =
574 2719 639 2751 sine
663 2721 831 2751 mistura.

223 2794 335 2827 super
366 2788 478 2818 ceteros
501 2799 547 2813 ==
568 2785 749 2819 BGVADE
768 2787 801 2821 3?
814 2809 823 2821 .
838 2810 849 2822 .
867 2810 878 2822 .

180 2831 226 2867 ²13.
299 2830 361 2865 (31.
378 2854 387 2865 .
402 2852 412 2865 .
428 2853 438 2865 .
463 2831 517 2865 §Bo
538 2845 585 2860 ==
606 2841 723 2873 supra
756 2835 878 2866 ceteros.

922 1523 1033 1556 Germ.
1053 1528 1088 1564 -l-
1104 1529 1190 1558 mota
1212 1535 1299 1559 mens
1320 1528 1498 1561 sedibus
1520 1531 1622 1563 suis.

920 1571 946 1602 B
958 1585 1004 1598 =
1014 1574 1154 1612 conlemp
1164 1581 1187 1603 x
1197 1573 1232 1603 il·
1269 1573 1301 1607 ἕΪί
1316 1595 1327 1606 0
1341 1595 1352 1608 ο
1363 1595 1374 1608 0
1387 1574 1420 1608 Q
1432 1588 1477 1602 =
1488 1579 1624 1608 conlem-

918 1625 1009 1656 pser
1019 1617 1053 1647 it.
1100 1618 1129 1648 A
1150 1631 1197 1644 =
1218 1618 1395 1649 instinctus
1405 1629 1475 1659 que.
1522 1621 1554 1652 V
1582 1624 1616 1658 -l-

920 1671 940 1701 9
950 1670 968 1693 r
978 1670 999 1692 a
1008 1671 1029 1692 n
1039 1662 1061 1692 d
1071 1671 1086 1692 e
1109 1663 1242 1702 aliquid.
1278 1663 1336 1695 BV
1345 1681 1388 1686 —
1400 1666 1565 1704 grandius.
1592 1666 1623 1697 G

924 1706 952 1736 D
966 1707 1118 1746 (mm)E
1140 1707 1172 1740 *R
1186 1730 1196 1741 .
1211 1729 1222 1741 0
1238 1729 1249 1741 0
1265 1707 1327 1741 (551.
1350 1722 1397 1735 =
1414 1711 1623 1750 mundium.

922 1752 949 1782 A
974 1756 1181 1792 postremam
1200 1750 1292 1783 vocis
1316 1753 1497 1796 (grandius)
1521 1755 1623 1799 sylla-

921 1794 998 1827 bam
1017 1795 1119 1828 habet
1140 1807 1159 1829 a
1179 1807 1256 1829 s.m.
1292 1797 1357 1833 Gzll
1369 1821 1380 1833 .
1393 1821 1404 1834 .
1415 1821 1426 1834 .
1438 1800 1472 1834 >B
1483 1814 1529 1828 =
1539 1810 1623 1834 mor-

921 1843 1019 1873 talis.

969 1882 1023 1919 17.
1049 1885 1079 1917 G
1090 1904 1130 1910 —
1144 1889 1173 1919 et
1183 1892 1261 1918 ante
1276 1889 1309 1919 in
1332 1890 1445 1922 arduo.
1480 1890 1512 1924 V
1524 1909 1568 1916 —
1579 1893 1623 1925 in.

922 1931 948 1962 B
967 1945 1013 1959 =
1034 1933 1121 1971 apud
1144 1934 1177 1964 te
1201 1935 1254 1964 est.
1300 1933 1420 1966 BGDE
1431 1933 1489 1968 1²2.
1503 1932 1536 1968 4.
1550 1938 1623 1970 Ort.

923 1977 956 2011 ³32
970 2000 981 2011 .
995 2000 1006 2012 .
1018 2000 1027 2012 .
1040 1978 1074 2011 (5
1086 1991 1132 2005 =
1144 1979 1190 2010 De
1201 1978 1268 2009 cid
1279 1981 1321 2010 at
1344 1984 1470 2020 oportet.
1518 1981 1622 2014 VCol.

922 2035 967 2049 =
978 2024 1023 2054 De
1033 2023 1165 2054 sistat
1188 2026 1315 2063 oportet.
1362 2023 1421 2057 P3.
1434 2040 1479 2054 =
1493 2028 1583 2059 Desci
1591 2037 1623 2060 s-

921 2071 979 2099 sat
999 2078 1050 2108 op.
1096 2068 1242 2110 ABong.
1264 2079 1335 2100 exx.
1352 2069 1470 2104 Franc.
1492 2083 1531 2104 ac
1546 2072 1624 2105 Fac.

922 2118 957 2144 et
980 2111 1080 2145 Pn'm.
1107 2125 1159 2144 ω.
1206 2111 1297 2145 Pinc.
1322 2114 1362 2147 ci.
1382 2130 1428 2144 =
1449 2119 1524 2158 effer
1534 2128 1549 2150 e
1561 2122 1620 2150 tur.

921 2158 1001 2190 Mss.
1025 2157 1125 2190 etiam
1152 2158 1209 2190 Gr.
1239 2170 1289 2190 ω.
1339 2161 1370 2193 G
1382 2162 1415 2196 {R
1426 2184 1439 2197 .
1450 2184 1461 2197 .
1474 2185 1485 2197 .
1501 2162 1564 2198 (ξῖ.
1576 2178 1623 2193 =

919 2206 947 2235 et
970 2206 1118 2236 rectorem
1140 2214 1156 2236 c
1169 2214 1190 2236 α
1197 2205 1278 2244 piat.
1326 2205 1390 2242 m.
1415 2222 1461 2235 =
1485 2217 1519 2240 eo
1542 2210 1624 2249 ferat

922 2259 989 2280 om.
1014 2258 1081 2290 que.
1130 2249 1194 2284 (Ξῖ.
1216 2263 1263 2277 =
1285 2260 1378 2291 eoque
1401 2254 1510 2293 feratu
1520 2263 1548 2286 r.
1592 2256 1623 2287 A

922 2308 969 2322 =
989 2295 1100 2335 quod
1120 2304 1178 2335 per
1200 2304 1242 2327 se.
1291 2295 1382 2328 GDE
1399 2295 1458 2330 P4.
1484 2299 1554 2330 Ort.
1577 2314 1623 2327 =

923 2341 945 2371 d
956 2349 971 2371 e
980 2341 1124 2373 scendere
1137 2339 1216 2382 (mG
1226 2355 1272 2368 =-
1284 2351 1304 2373 a
1314 2351 1329 2373 s
1339 2351 1355 2373 c
1365 2344 1474 2374 endere
1497 2344 1519 2374 l’
1533 2353 1549 2375 c
1557 2353 1575 2375 ο
1585 2355 1623 2376 n-

921 2383 1092 2427 scendere).
1150 2385 1181 2417 V
1204 2400 1248 2414 =
1272 2396 1293 2417 a
1303 2397 1319 2418 c
1329 2388 1468 2419 vendere.
1513 2386 1571 2419 P2.
1587 2387 1621 2422 3.
1661 2400 1664 2403 ·
1710 2409 1713 2412 -

926 2428 996 2461 Col.
1012 2429 1045 2463 Ἥ
1059 2452 1069 2465 .
1082 2452 1093 2464 .
1110 2452 1120 2464 .
1134 2430 1167 2464 (ὃ
1177 2445 1223 2458 =
1234 2440 1255 2462 a
1265 2441 1280 2463 s
1291 2433 1428 2464 cendere.
1453 2433 1509 2464 BA
1518 2433 1622 2477 Bong.

922 2485 963 2505 ex
988 2473 1057 2505 Cui.
1079 2487 1112 2504 ω
1121 2499 1129 2507 .
1178 2476 1209 2507 G
1221 2490 1267 2504 =
1278 2477 1349 2508 Hab
1360 2479 1397 2508 et
1421 2478 1533 2510 Serene
1556 2480 1575 2510 k
1586 2489 1622 2510 α-

922 2521 1044 2552 rissime
1066 2529 1147 2560 quae
1167 2531 1242 2561 poss
1252 2531 1296 2553 en
1307 2524 1328 2553 t.
1375 2522 1405 2553 V
1426 2537 1472 2550 =
1495 2524 1623 2555 carissi-

922 2574 972 2596 me
1003 2565 1126 2597 Serene.
1172 2566 1202 2597 D
1224 2581 1270 2594 =
1291 2576 1372 2606 quae
1394 2575 1554 2607 semper
1573 2578 1622 2609 pe

926 2608 1007 2650 [hoc
1027 2620 1060 2640 n.
1097 2620 1139 2642 re
1148 2620 1171 2650 p
1181 2613 1310 2642 entibus.
1335 2610 1362 2642 E
1376 2610 1509 2653 quidam
1521 2612 1620 2645 codd.

924 2652 1016 2685 Pinc.
1030 2654 1062 2685 P‘
1080 2651 1131 2686 .4.
1143 2665 1282 2695 =quae
1305 2665 1466 2696 semper
1487 2667 1557 2699 rep
1569 2668 1621 2691 en·

923 2699 1015 2730 tibus.
1062 2697 1127 2730 Alii
1151 2698 1248 2731 codd.
1263 2699 1363 2733 fPinc.
1383 2715 1430 2730 ==
1450 2712 1530 2743 quae
1557 2713 1599 2736 re
1610 2722 1623 2728 -

922 2752 946 2783 p
956 2745 1086 2775 entibus.
1115 2743 1234 2788 G(s<v)
1247 2760 1292 2773 =
1304 2747 1388 2780 Illud
1406 2750 1512 2782 tamen
1526 2758 1566 2782 sc
1576 2751 1586 2780 i
1596 2758 1626 2782 ο.

925 2787 986 2820 BG
999 2789 1064 2824 zm
1078 2803 1125 2819 =
1142 2791 1276 2824 imbecill
1284 2800 1351 2824 em.
