<?xml version="1.0" encoding="UTF-8"?>
<!DOCTYPE html PUBLIC "-//W3C//DTD XHTML 1.0 Transitional//EN"
    "http://www.w3.org/TR/xhtml1/DTD/xhtml1-transitional.dtd">
<html xmlns="http://www.w3.org/1999/xhtml" xml:lang="en" lang="en">
 <head>
  <title>
</title>
<meta http-equiv="Content-Type" content="text/html;charset=utf-8" />
  <meta name='ocr-system' content='tesseract 3.04.00' />
  <meta name='ocr-capabilities' content='ocr_page ocr_carea ocr_par ocr_line ocrx_word'/>
</head>
<body>
  <div class='ocr_page' id='page_1' title='image "./operasene03seneuoft_0354.png"; bbox 0 0 1812 3184; ppageno 0'>
   <div class='ocr_carea' id='block_1_1' title="bbox 294 192 1185 236">
    <p class='ocr_par' dir='ltr' id='par_1_1' title="bbox 294 192 1185 236">
     <span class='ocr_line' id='line_1_1' title="bbox 294 192 1185 236; baseline 0.008 -7"><span class='ocrx_word' id='word_1_1' title='bbox 294 192 379 236; x_wconf 77' lang='lat'><strong>334</strong></span> <span class='ocrx_word' id='word_1_2' title='bbox 834 193 902 233; x_wconf 85' lang='lat' dir='ltr'><strong>AD</strong></span> <span class='ocrx_word' id='word_1_3' title='bbox 935 193 1185 236; x_wconf 87' lang='lat' dir='ltr'>POLYBIUM</span> 
     </span>
    </p>
   </div>
   <div class='ocr_carea' id='block_1_2' title="bbox 249 301 1725 1701">
    <p class='ocr_par' dir='ltr' id='par_1_2' title="bbox 249 301 1725 1701">
     <span class='ocr_line' id='line_1_2' title="bbox 295 301 1724 361; baseline 0.001 -15"><span class='ocrx_word' id='word_1_4' title='bbox 295 305 419 346; x_wconf 89' lang='lat' dir='ltr'><strong>ibunt.</strong></span> <span class='ocrx_word' id='word_1_5' title='bbox 480 301 528 346; x_wconf 92' lang='lat' dir='ltr'><strong>Iu</strong></span> <span class='ocrx_word' id='word_1_6' title='bbox 559 303 761 360; x_wconf 87' lang='lat' dir='ltr'><strong>procinctu</strong></span> <span class='ocrx_word' id='word_1_7' title='bbox 790 311 868 346; x_wconf 91' lang='lat' dir='ltr'><strong>stet</strong></span> <span class='ocrx_word' id='word_1_8' title='bbox 898 305 1050 347; x_wconf 82' lang='lat' dir='ltr'><strong>animus</strong></span> <span class='ocrx_word' id='word_1_9' title='bbox 1080 312 1120 347; x_wconf 88' lang='lat' dir='ltr'><strong>et</strong></span> <span class='ocrx_word' id='word_1_10' title='bbox 1149 305 1188 347; x_wconf 90' lang='lat' dir='ltr'><strong>id</strong></span> <span class='ocrx_word' id='word_1_11' title='bbox 1221 307 1321 361; x_wconf 88' lang='lat' dir='ltr'><strong>quod</strong></span> <span class='ocrx_word' id='word_1_12' title='bbox 1344 319 1510 350; x_wconf 85' lang='lat' dir='ltr'><strong>neeesse</strong></span> <span class='ocrx_word' id='word_1_13' title='bbox 1530 313 1592 349; x_wconf 83' lang='lat' dir='ltr'><strong>est</strong></span> <span class='ocrx_word' id='word_1_14' title='bbox 1613 316 1724 349; x_wconf 78' lang='lat' dir='ltr'><strong>num-</strong></span> 
     </span>
     <span class='ocr_line' id='line_1_3' title="bbox 259 367 1725 430; baseline 0.002 -14"><span class='ocrx_word' id='word_1_15' title='bbox 259 392 276 417; x_wconf 83' lang='lat'><strong>3</strong></span> <span class='ocrx_word' id='word_1_16' title='bbox 295 386 408 428; x_wconf 85' lang='lat' dir='ltr'><strong>quam</strong></span> <span class='ocrx_word' id='word_1_17' title='bbox 427 371 577 423; x_wconf 87' lang='lat' dir='ltr'><strong>timeat,</strong></span> <span class='ocrx_word' id='word_1_18' title='bbox 610 372 709 427; x_wconf 88' lang='lat' dir='ltr'><strong>quod</strong></span> <span class='ocrx_word' id='word_1_19' title='bbox 731 371 921 414; x_wconf 86' lang='lat' dir='ltr'><strong>incertum</strong></span> <span class='ocrx_word' id='word_1_20' title='bbox 943 380 1004 414; x_wconf 90' lang='lat' dir='ltr'><strong>est</strong></span> <span class='ocrx_word' id='word_1_21' title='bbox 1023 386 1180 430; x_wconf 86' lang='lat' dir='ltr'><strong>semper</strong></span> <span class='ocrx_word' id='word_1_22' title='bbox 1199 367 1415 430; x_wconf 84' lang='lat' dir='ltr'><strong>exspectet.</strong></span> <span class='ocrx_word' id='word_1_23' title='bbox 1476 373 1580 430; x_wconf 74' lang='lat' dir='ltr'><strong>Quid</strong></span> <span class='ocrx_word' id='word_1_24' title='bbox 1599 374 1725 419; x_wconf 78' lang='lat' dir='ltr'><strong>dicam</strong></span> 
     </span>
     <span class='ocr_line' id='line_1_4' title="bbox 293 439 1723 499; baseline 0.001 -18"><span class='ocrx_word' id='word_1_25' title='bbox 293 440 412 481; x_wconf 85' lang='lat' dir='ltr'><strong>duces</strong></span> <span class='ocrx_word' id='word_1_26' title='bbox 435 440 651 494; x_wconf 86' lang='lat' dir='ltr'><strong>ducumque</strong></span> <span class='ocrx_word' id='word_1_27' title='bbox 669 439 895 499; x_wconf 88' lang='lat' dir='ltr'><strong>progeniem</strong></span> <span class='ocrx_word' id='word_1_28' title='bbox 917 446 958 481; x_wconf 87' lang='lat' dir='ltr'><strong>et</strong></span> <span class='ocrx_word' id='word_1_29' title='bbox 975 440 1104 481; x_wconf 83' lang='lat' dir='ltr'><strong>multis</strong></span> <span class='ocrx_word' id='word_1_30' title='bbox 1125 447 1193 482; x_wconf 81' lang='lat' dir='ltr'><strong>aut</strong></span> <span class='ocrx_word' id='word_1_31' title='bbox 1211 441 1474 483; x_wconf 83' lang='lat' dir='ltr'><strong>consulatibus</strong></span> <span class='ocrx_word' id='word_1_32' title='bbox 1492 441 1723 499; x_wconf 74' lang='lat' dir='ltr'><strong>conspicuos</strong></span> 
     </span>
     <span class='ocr_line' id='line_1_5' title="bbox 290 506 1723 564; baseline 0.002 -16"><span class='ocrx_word' id='word_1_33' title='bbox 290 514 357 548; x_wconf 81' lang='lat' dir='ltr'><strong>aut</strong></span> <span class='ocrx_word' id='word_1_34' title='bbox 379 506 581 561; x_wconf 81' lang='lat' dir='ltr'><strong>triumphis</strong></span> <span class='ocrx_word' id='word_1_35' title='bbox 604 514 711 547; x_wconf 90' lang='lat' dir='ltr'><strong>sorte</strong></span> <span class='ocrx_word' id='word_1_36' title='bbox 735 507 938 548; x_wconf 81' lang='lat' dir='ltr'><strong>defunctos</strong></span> <span class='ocrx_word' id='word_1_37' title='bbox 962 507 1224 549; x_wconf 82' lang='lat' dir='ltr'><strong>inexorabili?</strong></span> <span class='ocrx_word' id='word_1_38' title='bbox 1262 514 1345 549; x_wconf 83' lang='lat' dir='ltr'><strong>tota</strong></span> <span class='ocrx_word' id='word_1_39' title='bbox 1369 522 1455 550; x_wconf 86' lang='lat' dir='ltr'><strong>eum</strong></span> <span class='ocrx_word' id='word_1_40' title='bbox 1476 508 1723 564; x_wconf 62' lang='lat' dir='ltr'><strong>regibus—re-</strong></span> 
     </span>
     <span class='ocr_line' id='line_1_6' title="bbox 289 567 1724 632; baseline 0.001 -17"><span class='ocrx_word' id='word_1_41' title='bbox 289 567 365 630; x_wconf 82' lang='lat' dir='ltr'><strong>gna</strong></span> <span class='ocrx_word' id='word_1_42' title='bbox 396 573 602 629; x_wconf 85' lang='lat' dir='ltr'><strong>populique</strong></span> <span class='ocrx_word' id='word_1_43' title='bbox 633 588 719 614; x_wconf 85' lang='lat' dir='ltr'><strong>eum</strong></span> <span class='ocrx_word' id='word_1_44' title='bbox 753 574 933 632; x_wconf 87' lang='lat' dir='ltr'><strong>gentibus</strong></span> <span class='ocrx_word' id='word_1_45' title='bbox 960 575 1084 616; x_wconf 83' lang='lat' dir='ltr'><strong>tulere</strong></span> <span class='ocrx_word' id='word_1_46' title='bbox 1113 576 1231 616; x_wconf 83' lang='lat' dir='ltr'><strong>fatum</strong></span> <span class='ocrx_word' id='word_1_47' title='bbox 1257 589 1384 616; x_wconf 86' lang='lat' dir='ltr'><strong>suum.</strong></span> <span class='ocrx_word' id='word_1_48' title='bbox 1447 572 1620 627; x_wconf 80' lang='lat' dir='ltr'><strong>Omnes,</strong></span> <span class='ocrx_word' id='word_1_49' title='bbox 1650 574 1724 617; x_wconf 89' lang='lat' dir='ltr'><strong>im-</strong></span> 
     </span>
     <span class='ocr_line' id='line_1_7' title="bbox 290 640 1723 698; baseline 0.001 -15"><span class='ocrx_word' id='word_1_50' title='bbox 290 656 354 683; x_wconf 91' lang='lat' dir='ltr'><strong>mo</strong></span> <span class='ocrx_word' id='word_1_51' title='bbox 379 640 508 682; x_wconf 85' lang='lat' dir='ltr'><strong>omnia</strong></span> <span class='ocrx_word' id='word_1_52' title='bbox 532 640 572 680; x_wconf 90' lang='lat' dir='ltr'><strong>iu</strong></span> <span class='ocrx_word' id='word_1_53' title='bbox 597 640 770 682; x_wconf 87' lang='lat' dir='ltr'><strong>ultimum</strong></span> <span class='ocrx_word' id='word_1_54' title='bbox 803 641 902 682; x_wconf 90' lang='lat' dir='ltr'><strong>diem</strong></span> <span class='ocrx_word' id='word_1_55' title='bbox 934 649 1134 698; x_wconf 84' lang='lat' dir='ltr'><strong>spectant:</strong></span> <span class='ocrx_word' id='word_1_56' title='bbox 1176 656 1256 683; x_wconf 89' lang='lat' dir='ltr'><strong>non</strong></span> <span class='ocrx_word' id='word_1_57' title='bbox 1285 642 1386 683; x_wconf 91' lang='lat' dir='ltr'><strong>idem</strong></span> <span class='ocrx_word' id='word_1_58' title='bbox 1415 641 1614 684; x_wconf 74' lang='lat' dir='ltr'><strong>uniuersis</strong></span> <span class='ocrx_word' id='word_1_59' title='bbox 1634 642 1723 684; x_wconf 78' lang='lat' dir='ltr'><strong>finis</strong></span> 
     </span>
     <span class='ocr_line' id='line_1_8' title="bbox 291 706 1722 765; baseline 0 -15"><span class='ocrx_word' id='word_1_60' title='bbox 291 716 366 750; x_wconf 86' lang='lat' dir='ltr'><strong>est.</strong></span> <span class='ocrx_word' id='word_1_61' title='bbox 426 706 560 749; x_wconf 86' lang='lat' dir='ltr'><strong>Aiium</strong></span> <span class='ocrx_word' id='word_1_62' title='bbox 591 707 630 748; x_wconf 93' lang='lat' dir='ltr'><strong>in</strong></span> <span class='ocrx_word' id='word_1_63' title='bbox 665 708 791 749; x_wconf 91' lang='lat' dir='ltr'><strong>medio</strong></span> <span class='ocrx_word' id='word_1_64' title='bbox 822 722 939 749; x_wconf 83' lang='lat' dir='ltr'><strong>cursu</strong></span> <span class='ocrx_word' id='word_1_65' title='bbox 973 710 1052 749; x_wconf 83' lang='lat' dir='ltr'><strong>uita</strong></span> <span class='ocrx_word' id='word_1_66' title='bbox 1084 709 1255 761; x_wconf 86' lang='lat' dir='ltr'><strong>deserit,</strong></span> <span class='ocrx_word' id='word_1_67' title='bbox 1299 709 1416 750; x_wconf 80' lang='lat' dir='ltr'><strong>alium</strong></span> <span class='ocrx_word' id='word_1_68' title='bbox 1439 708 1480 750; x_wconf 88' lang='lat' dir='ltr'><strong>in</strong></span> <span class='ocrx_word' id='word_1_69' title='bbox 1505 708 1591 765; x_wconf 82' lang='lat' dir='ltr'><strong>ipso</strong></span> <span class='ocrx_word' id='word_1_70' title='bbox 1612 709 1722 752; x_wconf 71' lang='lat' dir='ltr'><strong>&#39;aditu</strong></span> 
     </span>
     <span class='ocr_line' id='line_1_9' title="bbox 288 774 1721 831; baseline 0 -14"><span class='ocrx_word' id='word_1_71' title='bbox 288 774 494 830; x_wconf 87' lang='lat' dir='ltr'><strong>relinquit,</strong></span> <span class='ocrx_word' id='word_1_72' title='bbox 536 774 651 815; x_wconf 81' lang='lat' dir='ltr'><strong>alium</strong></span> <span class='ocrx_word' id='word_1_73' title='bbox 686 774 727 815; x_wconf 92' lang='lat' dir='ltr'><strong>in</strong></span> <span class='ocrx_word' id='word_1_74' title='bbox 759 782 935 816; x_wconf 80' lang='lat' dir='ltr'><strong>extrema</strong></span> <span class='ocrx_word' id='word_1_75' title='bbox 968 783 1169 817; x_wconf 77' lang='lat' dir='ltr'>senectute</span> <span class='ocrx_word' id='word_1_76' title='bbox 1205 776 1404 831; x_wconf 82' lang='lat' dir='ltr'><strong>fatigatum</strong></span> <span class='ocrx_word' id='word_1_77' title='bbox 1428 775 1505 817; x_wconf 82' lang='lat' dir='ltr'><strong>iam</strong></span> <span class='ocrx_word' id='word_1_78' title='bbox 1537 782 1578 817; x_wconf 82' lang='lat' dir='ltr'><strong>et</strong></span> <span class='ocrx_word' id='word_1_79' title='bbox 1609 775 1721 818; x_wconf 83' lang='lat' dir='ltr'><strong>exire</strong></span> 
     </span>
     <span class='ocr_line' id='line_1_10' title="bbox 289 841 1721 899; baseline 0 -15"><span class='ocrx_word' id='word_1_80' title='bbox 289 843 507 899; x_wconf 84' lang='lat' dir='ltr'><strong>cupientem</strong></span> <span class='ocrx_word' id='word_1_81' title='bbox 531 841 600 882; x_wconf 83' lang='lat' dir='ltr'><strong>uix</strong></span> <span class='ocrx_word' id='word_1_82' title='bbox 629 842 792 883; x_wconf 84' lang='lat' dir='ltr'><strong>emittit:</strong></span> <span class='ocrx_word' id='word_1_83' title='bbox 835 842 910 883; x_wconf 85' lang='lat' dir='ltr'><strong>alio</strong></span> <span class='ocrx_word' id='word_1_84' title='bbox 934 843 1084 897; x_wconf 89' lang='lat' dir='ltr'><strong>quidem</strong></span> <span class='ocrx_word' id='word_1_85' title='bbox 1107 850 1220 897; x_wconf 89' lang='lat' dir='ltr'><strong>atque</strong></span> <span class='ocrx_word' id='word_1_86' title='bbox 1240 843 1317 884; x_wconf 79' lang='lat' dir='ltr'><strong>alio</strong></span> <span class='ocrx_word' id='word_1_87' title='bbox 1341 849 1540 898; x_wconf 85' lang='lat' dir='ltr'><strong>tempore,</strong></span> <span class='ocrx_word' id='word_1_88' title='bbox 1584 855 1721 890; x_wconf 85' lang='lat' dir='ltr'><strong>omnes</strong></span> 
     </span>
     <span class='ocr_line' id='line_1_11' title="bbox 287 909 1720 955; baseline 0 -4"><span class='ocrx_word' id='word_1_89' title='bbox 287 917 417 951; x_wconf 81' lang='lat' dir='ltr'><strong>tamen</strong></span> <span class='ocrx_word' id='word_1_90' title='bbox 440 909 480 950; x_wconf 88' lang='lat' dir='ltr'><strong>in</strong></span> <span class='ocrx_word' id='word_1_91' title='bbox 503 909 679 950; x_wconf 89' lang='lat' dir='ltr'><strong>eumdem</strong></span> <span class='ocrx_word' id='word_1_92' title='bbox 700 909 827 950; x_wconf 80' lang='lat' dir='ltr'><strong>locum</strong></span> <span class='ocrx_word' id='word_1_93' title='bbox 853 910 1061 951; x_wconf 79' lang='lat' dir='ltr'><strong>tendimus.</strong></span> <span class='ocrx_word' id='word_1_94' title='bbox 1126 909 1313 952; x_wconf 75' lang='lat' dir='ltr'>Utrumne</span> <span class='ocrx_word' id='word_1_95' title='bbox 1336 910 1491 955; x_wconf 83' lang='lat' dir='ltr'><strong>stultius</strong></span> <span class='ocrx_word' id='word_1_96' title='bbox 1514 910 1566 952; x_wconf 84' lang='lat' dir='ltr'><strong>sit</strong></span> <span class='ocrx_word' id='word_1_97' title='bbox 1585 910 1720 952; x_wconf 86' lang='lat' dir='ltr'><strong>neseio</strong></span> 
     </span>
     <span class='ocr_line' id='line_1_12' title="bbox 252 975 1720 1031; baseline -0.001 -12"><span class='ocrx_word' id='word_1_98' title='bbox 252 976 531 1019; x_wconf 65' lang='lat' dir='ltr'><strong>smortalitatis</strong></span> <span class='ocrx_word' id='word_1_99' title='bbox 556 976 681 1031; x_wconf 86' lang='lat' dir='ltr'><strong>legem</strong></span> <span class='ocrx_word' id='word_1_100' title='bbox 705 976 889 1030; x_wconf 81' lang='lat' dir='ltr'><strong>ignorare</strong></span> <span class='ocrx_word' id='word_1_101' title='bbox 919 990 968 1016; x_wconf 81' lang='lat' dir='ltr'><strong>an</strong></span> <span class='ocrx_word' id='word_1_102' title='bbox 1000 976 1247 1031; x_wconf 88' lang='lat' dir='ltr'><strong>inpudentius</strong></span> <span class='ocrx_word' id='word_1_103' title='bbox 1279 979 1479 1017; x_wconf 83' lang='lat' dir='ltr'><strong>recusare.</strong></span> <span class='ocrx_word' id='word_1_104' title='bbox 1538 975 1720 1031; x_wconf 75' lang='lat' dir='ltr'><strong>Agedum</strong></span> 
     </span>
     <span class='ocr_line' id='line_1_13' title="bbox 283 1042 1719 1097; baseline -0.001 -12"><span class='ocrx_word' id='word_1_105' title='bbox 283 1044 348 1085; x_wconf 85' lang='lat' dir='ltr'><strong>ilia</strong></span> <span class='ocrx_word' id='word_1_106' title='bbox 372 1042 613 1097; x_wconf 76' lang='lat' dir='ltr'><strong>quaemulto</strong></span> <span class='ocrx_word' id='word_1_107' title='bbox 636 1042 781 1096; x_wconf 90' lang='lat' dir='ltr'><strong>ingenii</strong></span> <span class='ocrx_word' id='word_1_108' title='bbox 805 1043 858 1083; x_wconf 92' lang='lat' dir='ltr'><strong>tui</strong></span> <span class='ocrx_word' id='word_1_109' title='bbox 882 1043 1014 1083; x_wconf 84' lang='lat' dir='ltr'><strong>labore</strong></span> <span class='ocrx_word' id='word_1_110' title='bbox 1036 1043 1234 1084; x_wconf 81' lang='lat' dir='ltr'><strong>celebrata</strong></span> <span class='ocrx_word' id='word_1_111' title='bbox 1256 1049 1347 1087; x_wconf 79' lang='lat' dir='ltr'><strong>sunt</strong></span> <span class='ocrx_word' id='word_1_112' title='bbox 1367 1042 1408 1083; x_wconf 88' lang='lat' dir='ltr'><strong>in</strong></span> <span class='ocrx_word' id='word_1_113' title='bbox 1431 1056 1719 1095; x_wconf 77' lang='lat' dir='ltr'><strong>manussume,</strong></span> 
     </span>
     <span class='ocr_line' id='line_1_14' title="bbox 284 1103 1720 1164; baseline 0 -13"><span class='ocrx_word' id='word_1_114' title='bbox 284 1109 507 1151; x_wconf 77' lang='lat' dir='ltr'><strong>utriuslibet</strong></span> <span class='ocrx_word' id='word_1_115' title='bbox 540 1108 710 1155; x_wconf 84' lang='lat' dir='ltr'><strong>auctoris</strong></span> <span class='ocrx_word' id='word_1_116' title='bbox 744 1109 917 1150; x_wconf 83' lang='lat' dir='ltr'><strong>carmina</strong></span> <span class='ocrx_word' id='word_1_117' title='bbox 944 1123 1043 1163; x_wconf 81' lang='lat' dir='ltr'><strong>quae</strong></span> <span class='ocrx_word' id='word_1_118' title='bbox 1065 1116 1107 1150; x_wconf 91' lang='lat' dir='ltr'><strong>tu</strong></span> <span class='ocrx_word' id='word_1_119' title='bbox 1129 1109 1182 1150; x_wconf 81' lang='lat' dir='ltr'><strong>ita</strong></span> <span class='ocrx_word' id='word_1_120' title='bbox 1206 1108 1401 1150; x_wconf 85' lang='lat' dir='ltr'><strong>resoluisti</strong></span> <span class='ocrx_word' id='word_1_121' title='bbox 1417 1140 1429 1160; x_wconf 88' lang='lat'>‚</span> <span class='ocrx_word' id='word_1_122' title='bbox 1461 1103 1527 1150; x_wconf 28' lang='lat' dir='ltr'><strong>*ut*</strong></span> <span class='ocrx_word' id='word_1_123' title='bbox 1544 1109 1720 1164; x_wconf 78' lang='lat' dir='ltr'><strong>quamuis</strong></span> 
     </span>
     <span class='ocr_line' id='line_1_15' title="bbox 284 1174 1720 1232; baseline 0 -14"><span class='ocrx_word' id='word_1_124' title='bbox 284 1183 479 1218; x_wconf 82' lang='lat' dir='ltr'><strong>structura</strong></span> <span class='ocrx_word' id='word_1_125' title='bbox 498 1175 650 1217; x_wconf 90' lang='lat' dir='ltr'><strong>illorum</strong></span> <span class='ocrx_word' id='word_1_126' title='bbox 671 1176 899 1227; x_wconf 79' lang='lat' dir='ltr'><strong>recesserit,</strong></span> <span class='ocrx_word' id='word_1_127' title='bbox 931 1182 1158 1232; x_wconf 86' lang='lat' dir='ltr'><strong>permaneat</strong></span> <span class='ocrx_word' id='word_1_128' title='bbox 1178 1183 1306 1217; x_wconf 88' lang='lat' dir='ltr'><strong>tamen</strong></span> <span class='ocrx_word' id='word_1_129' title='bbox 1325 1175 1466 1231; x_wconf 81' lang='lat' dir='ltr'><strong>gratia.</strong></span> <span class='ocrx_word' id='word_1_130' title='bbox 1515 1174 1596 1226; x_wconf 48' lang='lat' dir='ltr'><strong>‚Sic</strong></span> <span class='ocrx_word' id='word_1_131' title='bbox 1617 1177 1720 1219; x_wconf 90' lang='lat' dir='ltr'><strong>enim</strong></span> 
     </span>
     <span class='ocr_line' id='line_1_16' title="bbox 282 1243 1720 1298; baseline 0 -13"><span class='ocrx_word' id='word_1_132' title='bbox 282 1244 348 1285; x_wconf 84' lang='lat' dir='ltr'><strong>illa</strong></span> <span class='ocrx_word' id='word_1_133' title='bbox 366 1257 419 1285; x_wconf 84' lang='lat' dir='ltr'><strong>ex</strong></span> <span class='ocrx_word' id='word_1_134' title='bbox 439 1243 513 1284; x_wconf 83' lang='lat' dir='ltr'><strong>alia</strong></span> <span class='ocrx_word' id='word_1_135' title='bbox 533 1243 663 1298; x_wconf 83' lang='lat' dir='ltr'><strong>lingua</strong></span> <span class='ocrx_word' id='word_1_136' title='bbox 684 1243 724 1283; x_wconf 91' lang='lat' dir='ltr'><strong>in</strong></span> <span class='ocrx_word' id='word_1_137' title='bbox 746 1243 860 1284; x_wconf 81' lang='lat' dir='ltr'><strong>aliam</strong></span> <span class='ocrx_word' id='word_1_138' title='bbox 886 1243 1133 1295; x_wconf 76' lang='lat' dir='ltr'><strong>transtulisti,</strong></span> <span class='ocrx_word' id='word_1_139' title='bbox 1167 1250 1209 1284; x_wconf 89' lang='lat' dir='ltr'><strong>ut</strong></span> <span class='ocrx_word' id='word_1_140' title='bbox 1232 1244 1331 1298; x_wconf 87' lang='lat' dir='ltr'><strong>quod</strong></span> <span class='ocrx_word' id='word_1_141' title='bbox 1356 1243 1614 1285; x_wconf 81' lang='lat' dir='ltr'><strong>difficillimum</strong></span> <span class='ocrx_word' id='word_1_142' title='bbox 1635 1251 1720 1285; x_wconf 80' lang='lat' dir='ltr'><strong>erat</strong></span> 
     </span>
     <span class='ocr_line' id='line_1_17' title="bbox 283 1309 1718 1366; baseline 0 -14"><span class='ocrx_word' id='word_1_143' title='bbox 283 1325 420 1353; x_wconf 90' lang='lat' dir='ltr'><strong>omnes</strong></span> <span class='ocrx_word' id='word_1_144' title='bbox 453 1310 617 1351; x_wconf 86' lang='lat' dir='ltr'><strong>uirtutes</strong></span> <span class='ocrx_word' id='word_1_145' title='bbox 649 1310 689 1351; x_wconf 89' lang='lat' dir='ltr'><strong>in</strong></span> <span class='ocrx_word' id='word_1_146' title='bbox 718 1310 884 1351; x_wconf 76' lang='lat' dir='ltr'><strong>alienam</strong></span> <span class='ocrx_word' id='word_1_147' title='bbox 918 1317 955 1352; x_wconf 91' lang='lat' dir='ltr'><strong>te</strong></span> <span class='ocrx_word' id='word_1_148' title='bbox 987 1311 1202 1351; x_wconf 87' lang='lat' dir='ltr'><strong>orationem</strong></span> <span class='ocrx_word' id='word_1_149' title='bbox 1233 1317 1389 1351; x_wconf 85' lang='lat' dir='ltr'><strong>secutae</strong></span> <span class='ocrx_word' id='word_1_150' title='bbox 1420 1310 1512 1366; x_wconf 81' lang='lat' dir='ltr'><strong>sint.</strong></span> <span class='ocrx_word' id='word_1_151' title='bbox 1574 1309 1718 1352; x_wconf 86' lang='lat' dir='ltr'><strong>Nullus</strong></span> 
     </span>
     <span class='ocr_line' id='line_1_18' title="bbox 283 1376 1717 1432; baseline -0.001 -12"><span class='ocrx_word' id='word_1_152' title='bbox 283 1379 360 1420; x_wconf 89' lang='lat' dir='ltr'><strong>erit</strong></span> <span class='ocrx_word' id='word_1_153' title='bbox 379 1378 420 1419; x_wconf 88' lang='lat' dir='ltr'><strong>in</strong></span> <span class='ocrx_word' id='word_1_154' title='bbox 439 1377 519 1418; x_wconf 90' lang='lat' dir='ltr'><strong>illis</strong></span> <span class='ocrx_word' id='word_1_155' title='bbox 544 1376 699 1432; x_wconf 88' lang='lat' dir='ltr'><strong>scriptis</strong></span> <span class='ocrx_word' id='word_1_156' title='bbox 726 1377 825 1417; x_wconf 88' lang='lat' dir='ltr'><strong>liber</strong></span> <span class='ocrx_word' id='word_1_157' title='bbox 845 1377 910 1431; x_wconf 91' lang='lat' dir='ltr'><strong>qui</strong></span> <span class='ocrx_word' id='word_1_158' title='bbox 934 1392 1011 1418; x_wconf 91' lang='lat' dir='ltr'><strong>non</strong></span> <span class='ocrx_word' id='word_1_159' title='bbox 1034 1377 1196 1432; x_wconf 83' lang='lat' dir='ltr'><strong>plurima</strong></span> <span class='ocrx_word' id='word_1_160' title='bbox 1221 1377 1424 1418; x_wconf 82' lang='lat' dir='ltr'><strong>uarietatis</strong></span> <span class='ocrx_word' id='word_1_161' title='bbox 1447 1377 1635 1419; x_wconf 78' lang='lat' dir='ltr'><strong>humanae</strong></span> <span class='ocrx_word' id='word_1_162' title='bbox 1657 1378 1717 1419; x_wconf 90' lang='lat' dir='ltr'><strong>in-</strong></span> 
     </span>
     <span class='ocr_line' id='line_1_19' title="bbox 283 1443 1717 1499; baseline -0.001 -12"><span class='ocrx_word' id='word_1_163' title='bbox 283 1452 556 1498; x_wconf 82' lang='lat' dir='ltr'><strong>certorumque</strong></span> <span class='ocrx_word' id='word_1_164' title='bbox 589 1457 748 1484; x_wconf 82' lang='lat' dir='ltr'><strong>easuum</strong></span> <span class='ocrx_word' id='word_1_165' title='bbox 773 1450 813 1484; x_wconf 86' lang='lat' dir='ltr'><strong>et</strong></span> <span class='ocrx_word' id='word_1_166' title='bbox 833 1444 1079 1485; x_wconf 82' lang='lat' dir='ltr'><strong>lacrimarum</strong></span> <span class='ocrx_word' id='word_1_167' title='bbox 1103 1458 1156 1485; x_wconf 88' lang='lat' dir='ltr'><strong>ex</strong></span> <span class='ocrx_word' id='word_1_168' title='bbox 1178 1444 1254 1485; x_wconf 80' lang='lat' dir='ltr'><strong>alia</strong></span> <span class='ocrx_word' id='word_1_169' title='bbox 1276 1450 1392 1499; x_wconf 80' lang='lat' dir='ltr'><strong>atque</strong></span> <span class='ocrx_word' id='word_1_170' title='bbox 1412 1443 1486 1485; x_wconf 78' lang='lat' dir='ltr'><strong>alia</strong></span> <span class='ocrx_word' id='word_1_171' title='bbox 1509 1457 1626 1486; x_wconf 80' lang='lat' dir='ltr'><strong>eausa</strong></span> <span class='ocrx_word' id='word_1_172' title='bbox 1646 1445 1717 1486; x_wconf 85' lang='lat' dir='ltr'><strong>flu-</strong></span> 
     </span>
     <span class='ocr_line' id='line_1_20' title="bbox 249 1509 1717 1566; baseline 0 -13"><span class='ocrx_word' id='word_1_173' title='bbox 249 1525 266 1553; x_wconf 87' lang='lat'>5</span> <span class='ocrx_word' id='word_1_174' title='bbox 284 1513 429 1555; x_wconf 87' lang='lat' dir='ltr'><strong>entium</strong></span> <span class='ocrx_word' id='word_1_175' title='bbox 459 1511 636 1566; x_wconf 82' lang='lat' dir='ltr'><strong>exempla</strong></span> <span class='ocrx_word' id='word_1_176' title='bbox 662 1510 729 1551; x_wconf 88' lang='lat' dir='ltr'><strong>tibi</strong></span> <span class='ocrx_word' id='word_1_177' title='bbox 755 1518 955 1565; x_wconf 84' lang='lat' dir='ltr'><strong>suggerat.</strong></span> <span class='ocrx_word' id='word_1_178' title='bbox 1014 1509 1127 1566; x_wconf 88' lang='lat' dir='ltr'><strong>Lege</strong></span> <span class='ocrx_word' id='word_1_179' title='bbox 1159 1518 1300 1566; x_wconf 83' lang='lat' dir='ltr'><strong>quanto</strong></span> <span class='ocrx_word' id='word_1_180' title='bbox 1331 1510 1469 1566; x_wconf 87' lang='lat' dir='ltr'><strong>spiritu</strong></span> <span class='ocrx_word' id='word_1_181' title='bbox 1495 1510 1717 1566; x_wconf 85' lang='lat' dir='ltr'><strong>ingentibus</strong></span> 
     </span>
     <span class='ocr_line' id='line_1_21' title="bbox 252 1577 1717 1633; baseline 0.001 -14"><span class='ocrx_word' id='word_1_182' title='bbox 252 1589 257 1592; x_wconf 85' lang='grc'><em>·</em></span> <span class='ocrx_word' id='word_1_183' title='bbox 282 1578 499 1622; x_wconf 87' lang='lat' dir='ltr'><strong>intonueris</strong></span> <span class='ocrx_word' id='word_1_184' title='bbox 523 1578 663 1619; x_wconf 84' lang='lat' dir='ltr'><strong>rebus:</strong></span> <span class='ocrx_word' id='word_1_185' title='bbox 697 1578 854 1633; x_wconf 89' lang='lat' dir='ltr'><strong>pudebit</strong></span> <span class='ocrx_word' id='word_1_186' title='bbox 871 1585 910 1618; x_wconf 89' lang='lat' dir='ltr'><strong>te</strong></span> <span class='ocrx_word' id='word_1_187' title='bbox 928 1577 1056 1618; x_wconf 90' lang='lat' dir='ltr'><strong>subito</strong></span> <span class='ocrx_word' id='word_1_188' title='bbox 1077 1578 1244 1619; x_wconf 84' lang='lat' dir='ltr'><strong>deficere</strong></span> <span class='ocrx_word' id='word_1_189' title='bbox 1264 1585 1304 1619; x_wconf 88' lang='lat' dir='ltr'><strong>et</strong></span> <span class='ocrx_word' id='word_1_190' title='bbox 1323 1591 1376 1618; x_wconf 85' lang='lat' dir='ltr'><strong>ex</strong></span> <span class='ocrx_word' id='word_1_191' title='bbox 1398 1583 1504 1618; x_wconf 85' lang='lat' dir='ltr'><strong>tanta</strong></span> <span class='ocrx_word' id='word_1_192' title='bbox 1529 1577 1717 1620; x_wconf 79' lang='lat' dir='ltr'><strong>orationis</strong></span> 
     </span>
     <span class='ocr_line' id='line_1_22' title="bbox 282 1643 1717 1701; baseline -0.001 -13"><span class='ocrx_word' id='word_1_193' title='bbox 282 1645 548 1701; x_wconf 83' lang='lat' dir='ltr'><strong>magnitudine</strong></span> <span class='ocrx_word' id='word_1_194' title='bbox 573 1645 809 1686; x_wconf 83' lang='lat' dir='ltr'><strong>desciscere.</strong></span> <span class='ocrx_word' id='word_1_195' title='bbox 869 1643 935 1686; x_wconf 91' lang='lat' dir='ltr'><strong>Ne</strong></span> <span class='ocrx_word' id='word_1_196' title='bbox 960 1645 1226 1697; x_wconf 84' lang='lat' dir='ltr'><strong>commiseris,</strong></span> <span class='ocrx_word' id='word_1_197' title='bbox 1268 1651 1311 1685; x_wconf 92' lang='lat' dir='ltr'><strong>ut</strong></span> <span class='ocrx_word' id='word_1_198' title='bbox 1334 1643 1508 1700; x_wconf 87' lang='lat' dir='ltr'><strong>quisquis</strong></span> <span class='ocrx_word' id='word_1_199' title='bbox 1536 1645 1717 1701; x_wconf 82' lang='lat' dir='ltr'><strong>exemplo</strong></span> 
     </span>
    </p>
   </div>
   <div class='ocr_carea' id='block_1_3' title="bbox 330 1733 1716 1776">
    <p class='ocr_par' dir='ltr' id='par_1_3' title="bbox 330 1733 1716 1776">
     <span class='ocr_line' id='line_1_23' title="bbox 330 1733 1716 1776; baseline -0.001 -8"><span class='ocrx_word' id='word_1_200' title='bbox 330 1735 402 1768; x_wconf 90' lang='lat' dir='ltr'><strong>Col.</strong></span> <span class='ocrx_word' id='word_1_201' title='bbox 423 1736 519 1768; x_wconf 85' lang='lat' dir='ltr'><strong>Rom.</strong></span> <span class='ocrx_word' id='word_1_202' title='bbox 544 1733 628 1767; x_wconf 84' lang='lat' dir='ltr'>Scal.</span> <span class='ocrx_word' id='word_1_203' title='bbox 651 1749 697 1763; x_wconf 90' lang='lat'><strong><em>=</em></strong></span> <span class='ocrx_word' id='word_1_204' title='bbox 718 1736 801 1775; x_wconf 81' lang='lat' dir='ltr'><strong>quod</strong></span> <span class='ocrx_word' id='word_1_205' title='bbox 835 1739 981 1768; x_wconf 78' lang='lat' dir='ltr'><strong>certum</strong></span> <span class='ocrx_word' id='word_1_206' title='bbox 1027 1737 1108 1768; x_wconf 83' lang='lat' dir='ltr'><strong>illa</strong></span> <span class='ocrx_word' id='word_1_207' title='bbox 1130 1737 1238 1776; x_wconf 73' lang='lat' dir='ltr'><strong>linyua</strong></span> <span class='ocrx_word' id='word_1_208' title='bbox 1259 1737 1293 1767; x_wconf 81' lang='lat' dir='ltr'><strong>in</strong></span> <span class='ocrx_word' id='word_1_209' title='bbox 1315 1736 1357 1766; x_wconf 87' lang='lat' dir='ltr'><strong>al.</strong></span> <span class='ocrx_word' id='word_1_210' title='bbox 1405 1733 1555 1767; x_wconf 81' lang='lat' dir='ltr'><strong>G==Sic</strong></span> <span class='ocrx_word' id='word_1_211' title='bbox 1577 1736 1659 1767; x_wconf 79' lang='lat' dir='ltr'><strong>enim</strong></span> <span class='ocrx_word' id='word_1_212' title='bbox 1677 1736 1716 1767; x_wconf 77' lang='lat' dir='ltr'><strong>il-</strong></span> 
     </span>
    </p>
   </div>
   <div class='ocr_carea' id='block_1_4' title="bbox 282 1785 335 1814">
    <p class='ocr_par' dir='ltr' id='par_1_4' title="bbox 282 1785 335 1814">
     <span class='ocr_line' id='line_1_24' title="bbox 282 1785 335 1814; baseline -0.019 0"><span class='ocrx_word' id='word_1_213' title='bbox 282 1785 335 1814; x_wconf 83' lang='lat' dir='ltr'><strong>est.</strong></span> 
     </span>
    </p>
   </div>
   <div class='ocr_carea' id='block_1_5' title="bbox 275 1824 978 2843">
    <p class='ocr_par' dir='ltr' id='par_1_5' title="bbox 283 1824 761 1858">
     <span class='ocr_line' id='line_1_25' title="bbox 283 1824 761 1858; baseline -0.006 0"><span class='ocrx_word' id='word_1_214' title='bbox 283 1825 370 1858; x_wconf 87' lang='lat' dir='ltr'><strong>Rell.</strong></span> <span class='ocrx_word' id='word_1_215' title='bbox 395 1825 496 1857; x_wconf 77' lang='lat' dir='ltr'><strong>etium</strong></span> <span class='ocrx_word' id='word_1_216' title='bbox 520 1824 601 1857; x_wconf 81' lang='lat' dir='ltr'><strong>Pau.</strong></span> <span class='ocrx_word' id='word_1_217' title='bbox 626 1827 695 1856; x_wconf 75' lang='lat' dir='ltr'><strong>Ort.</strong></span> <span class='ocrx_word' id='word_1_218' title='bbox 710 1837 761 1855; x_wconf 72' lang='grc' dir='ltr'><strong>ω.</strong></span> 
     </span>
    </p>

    <p class='ocr_par' dir='ltr' id='par_1_6' title="bbox 278 1870 978 2445">
     <span class='ocr_line' id='line_1_26' title="bbox 327 1870 976 1911; baseline -0.006 -8"><span class='ocrx_word' id='word_1_219' title='bbox 327 1870 361 1903; x_wconf 83' lang='lat'><strong>3.</strong></span> <span class='ocrx_word' id='word_1_220' title='bbox 371 1873 512 1911; x_wconf 21' lang='lat' dir='ltr'><strong>*proyem&#39;</strong></span> <span class='ocrx_word' id='word_1_221' title='bbox 522 1880 536 1902; x_wconf 87' lang='lat' dir='ltr'><strong>e</strong></span> <span class='ocrx_word' id='word_1_222' title='bbox 547 1879 578 1902; x_wconf 86' lang='lat' dir='ltr'><strong>m</strong></span> <span class='ocrx_word' id='word_1_223' title='bbox 588 1885 633 1897; x_wconf 90' lang='lat'><strong><em>=</em></strong></span> <span class='ocrx_word' id='word_1_224' title='bbox 648 1871 808 1901; x_wconf 85' lang='lat' dir='ltr'>BGVDE.</span> <span class='ocrx_word' id='word_1_225' title='bbox 879 1872 909 1904; x_wconf 66' lang='grc'><strong>’.31</strong></span> <span class='ocrx_word' id='word_1_226' title='bbox 922 1893 932 1904; x_wconf 78' lang='grc'><strong>.</strong></span> <span class='ocrx_word' id='word_1_227' title='bbox 944 1893 955 1905; x_wconf 72' lang='grc'><em>,</em></span> <span class='ocrx_word' id='word_1_228' title='bbox 966 1893 976 1905; x_wconf 69' lang='grc'>,</span> 
     </span>
     <span class='ocr_line' id='line_1_27' title="bbox 282 1915 977 1956; baseline -0.006 -5"><span class='ocrx_word' id='word_1_229' title='bbox 282 1918 336 1951; x_wconf 65' lang='grc' dir='ltr'><strong>ἓὸο</strong></span> <span class='ocrx_word' id='word_1_230' title='bbox 347 1930 393 1943; x_wconf 92' lang='lat'>=</span> <span class='ocrx_word' id='word_1_231' title='bbox 402 1926 518 1956; x_wconf 69' lang='lat' dir='ltr'><strong>proyen</strong></span> <span class='ocrx_word' id='word_1_232' title='bbox 529 1917 540 1947; x_wconf 82' lang='lat' dir='ltr'><strong>i</strong></span> <span class='ocrx_word' id='word_1_233' title='bbox 551 1925 565 1947; x_wconf 87' lang='lat' dir='ltr'><strong>e</strong></span> <span class='ocrx_word' id='word_1_234' title='bbox 576 1925 601 1946; x_wconf 88' lang='lat' dir='ltr'><strong>s.</strong></span> <span class='ocrx_word' id='word_1_235' title='bbox 647 1915 697 1946; x_wconf 89' lang='lat' dir='ltr'><strong>sG</strong></span> <span class='ocrx_word' id='word_1_236' title='bbox 707 1929 752 1942; x_wconf 89' lang='lat'><strong><em>=</em></strong></span> <span class='ocrx_word' id='word_1_237' title='bbox 769 1916 977 1947; x_wconf 78' lang='lat' dir='ltr'><strong>consulatibus</strong></span> 
     </span>
     <span class='ocr_line' id='line_1_28' title="bbox 280 1959 977 2002; baseline -0.003 -10"><span class='ocrx_word' id='word_1_238' title='bbox 280 1964 509 2001; x_wconf 78' lang='lat' dir='ltr'><strong>promotos.</strong></span> <span class='ocrx_word' id='word_1_239' title='bbox 557 1959 585 1991; x_wconf 93' lang='lat' dir='ltr'><strong>G</strong></span> <span class='ocrx_word' id='word_1_240' title='bbox 601 1959 898 2002; x_wconf 73' lang='lat' dir='ltr'><strong>(moe)=talem</strong></span> <span class='ocrx_word' id='word_1_241' title='bbox 925 1961 977 1999; x_wconf 76' lang='lat' dir='ltr'><strong>fa-</strong></span> 
     </span>
     <span class='ocr_line' id='line_1_29' title="bbox 281 2005 975 2044; baseline -0.001 -7"><span class='ocrx_word' id='word_1_242' title='bbox 281 2010 346 2037; x_wconf 81' lang='lat' dir='ltr'><strong>lum</strong></span> <span class='ocrx_word' id='word_1_243' title='bbox 379 2015 481 2036; x_wconf 86' lang='lat' dir='ltr'><strong>suum.</strong></span> <span class='ocrx_word' id='word_1_244' title='bbox 530 2005 559 2035; x_wconf 88' lang='lat' dir='ltr'>G</span> <span class='ocrx_word' id='word_1_245' title='bbox 580 2019 626 2032; x_wconf 92' lang='lat'><strong><em>=</em></strong></span> <span class='ocrx_word' id='word_1_246' title='bbox 649 2008 816 2044; x_wconf 75' lang='lat' dir='ltr'><strong>spectent.</strong></span> <span class='ocrx_word' id='word_1_247' title='bbox 874 2005 926 2039; x_wconf 59' lang='lat'><strong>23.</strong></span> <span class='ocrx_word' id='word_1_248' title='bbox 941 2027 951 2038; x_wconf 83' lang='grc'><strong>.</strong></span> <span class='ocrx_word' id='word_1_249' title='bbox 965 2027 975 2038; x_wconf 86' lang='grc'><strong>.</strong></span> 
     </span>
     <span class='ocr_line' id='line_1_30' title="bbox 283 2050 978 2088; baseline -0.006 -5"><span class='ocrx_word' id='word_1_250' title='bbox 283 2050 345 2083; x_wconf 57' lang='grc'><strong>62.</strong></span> <span class='ocrx_word' id='word_1_251' title='bbox 358 2064 403 2076; x_wconf 93' lang='lat'><strong><em>=</em></strong></span> <span class='ocrx_word' id='word_1_252' title='bbox 417 2053 554 2080; x_wconf 79' lang='lat' dir='ltr'><strong>extrema</strong></span> <span class='ocrx_word' id='word_1_253' title='bbox 573 2059 588 2080; x_wconf 92' lang='lat' dir='ltr'><strong>s</strong></span> <span class='ocrx_word' id='word_1_254' title='bbox 599 2059 613 2080; x_wconf 91' lang='lat' dir='ltr'><strong>e</strong></span> <span class='ocrx_word' id='word_1_255' title='bbox 624 2059 640 2080; x_wconf 88' lang='lat' dir='ltr'><strong>r</strong></span> <span class='ocrx_word' id='word_1_256' title='bbox 650 2051 788 2080; x_wconf 79' lang='lat' dir='ltr'><strong>vitute</strong></span> <span class='ocrx_word' id='word_1_257' title='bbox 811 2050 978 2088; x_wconf 73' lang='lat' dir='ltr'><strong>fatiyatum</strong></span> 
     </span>
     <span class='ocr_line' id='line_1_31' title="bbox 283 2092 975 2126; baseline -0.004 -1"><span class='ocrx_word' id='word_1_258' title='bbox 283 2100 398 2126; x_wconf 80' lang='lat' dir='ltr'><strong>contra</strong></span> <span class='ocrx_word' id='word_1_259' title='bbox 422 2099 524 2124; x_wconf 84' lang='lat' dir='ltr'><strong>mstos</strong></span> <span class='ocrx_word' id='word_1_260' title='bbox 546 2092 644 2124; x_wconf 83' lang='lat' dir='ltr'><strong>etiam</strong></span> <span class='ocrx_word' id='word_1_261' title='bbox 666 2092 756 2123; x_wconf 88' lang='lat' dir='ltr'><strong>Pinc.</strong></span> <span class='ocrx_word' id='word_1_262' title='bbox 784 2093 841 2123; x_wconf 88' lang='lat' dir='ltr'><strong>Gr.</strong></span> <span class='ocrx_word' id='word_1_263' title='bbox 889 2093 975 2123; x_wconf 77' lang='lat' dir='ltr'><strong>v—</strong></span> 
     </span>
     <span class='ocr_line' id='line_1_32' title="bbox 282 2137 976 2176; baseline -0.004 -6"><span class='ocrx_word' id='word_1_264' title='bbox 282 2142 309 2170; x_wconf 82' lang='lat' dir='ltr'><strong>et</strong></span> <span class='ocrx_word' id='word_1_265' title='bbox 333 2144 409 2169; x_wconf 85' lang='lat' dir='ltr'><strong>ante</strong></span> <span class='ocrx_word' id='word_1_266' title='bbox 433 2139 515 2169; x_wconf 82' lang='lat' dir='ltr'><strong>exire</strong></span> <span class='ocrx_word' id='word_1_267' title='bbox 549 2147 618 2176; x_wconf 86' lang='lat' dir='ltr'><strong>cup.</strong></span> <span class='ocrx_word' id='word_1_268' title='bbox 674 2137 704 2168; x_wconf 92' lang='lat' dir='ltr'>V</span> <span class='ocrx_word' id='word_1_269' title='bbox 724 2151 769 2163; x_wconf 90' lang='lat'><strong><em>=</em></strong></span> <span class='ocrx_word' id='word_1_270' title='bbox 791 2139 821 2167; x_wconf 80' lang='lat' dir='ltr'><strong>in</strong></span> <span class='ocrx_word' id='word_1_271' title='bbox 846 2138 976 2167; x_wconf 81' lang='lat' dir='ltr'><strong>eundem</strong></span> 
     </span>
     <span class='ocr_line' id='line_1_33' title="bbox 282 2182 975 2224; baseline -0.006 -9"><span class='ocrx_word' id='word_1_272' title='bbox 282 2185 411 2224; x_wconf 71' lang='lat' dir='ltr'><strong>finem</strong></span> <span class='ocrx_word' id='word_1_273' title='bbox 435 2183 598 2214; x_wconf 77' lang='lat' dir='ltr'><strong>tendimus.</strong></span> <span class='ocrx_word' id='word_1_274' title='bbox 636 2182 701 2215; x_wconf 57' lang='lat'><strong>5223</strong></span> <span class='ocrx_word' id='word_1_275' title='bbox 713 2196 759 2209; x_wconf 88' lang='lat'>=</span> <span class='ocrx_word' id='word_1_276' title='bbox 773 2183 916 2212; x_wconf 85' lang='lat' dir='ltr'><strong>Verum</strong></span> <span class='ocrx_word' id='word_1_277' title='bbox 938 2190 975 2211; x_wconf 83' lang='lat' dir='ltr'><strong>ne</strong></span> 
     </span>
     <span class='ocr_line' id='line_1_34' title="bbox 281 2225 975 2269; baseline -0.006 -10"><span class='ocrx_word' id='word_1_278' title='bbox 281 2229 403 2260; x_wconf 74' lang='lat' dir='ltr'><strong>stultius</strong></span> <span class='ocrx_word' id='word_1_279' title='bbox 425 2228 475 2258; x_wconf 79' lang='lat' dir='ltr'><strong>sit.</strong></span> <span class='ocrx_word' id='word_1_280' title='bbox 524 2226 553 2257; x_wconf 89' lang='lat' dir='ltr'>G</span> <span class='ocrx_word' id='word_1_281' title='bbox 566 2225 652 2269; x_wconf 73' lang='lat' dir='ltr'><strong>(soe)</strong></span> <span class='ocrx_word' id='word_1_282' title='bbox 667 2240 712 2252; x_wconf 87' lang='lat'><strong>==</strong></span> <span class='ocrx_word' id='word_1_283' title='bbox 729 2228 875 2258; x_wconf 73' lang='lat' dir='ltr'><strong>Utrumne</strong></span> <span class='ocrx_word' id='word_1_284' title='bbox 898 2226 975 2256; x_wconf 75' lang='lat' dir='ltr'><strong>stul-</strong></span> 
     </span>
     <span class='ocr_line' id='line_1_35' title="bbox 280 2271 974 2305; baseline -0.007 -1"><span class='ocrx_word' id='word_1_285' title='bbox 280 2277 346 2304; x_wconf 81' lang='lat' dir='ltr'><strong>tus</strong></span> <span class='ocrx_word' id='word_1_286' title='bbox 367 2273 417 2303; x_wconf 80' lang='lat' dir='ltr'><strong>sit.</strong></span> <span class='ocrx_word' id='word_1_287' title='bbox 462 2273 496 2305; x_wconf 56' lang='lat'><strong>⁴3</strong></span> <span class='ocrx_word' id='word_1_288' title='bbox 516 2294 527 2305; x_wconf 66' lang='lat'>0</span> <span class='ocrx_word' id='word_1_289' title='bbox 544 2293 554 2303; x_wconf 76' lang='grc'><strong>.</strong></span> <span class='ocrx_word' id='word_1_290' title='bbox 569 2294 578 2305; x_wconf 79' lang='grc'><strong>.</strong></span> <span class='ocrx_word' id='word_1_291' title='bbox 602 2272 635 2305; x_wconf 63' lang='lat' dir='ltr'><strong>(Si</strong></span> <span class='ocrx_word' id='word_1_292' title='bbox 653 2285 698 2297; x_wconf 90' lang='lat'>=</span> <span class='ocrx_word' id='word_1_293' title='bbox 719 2271 974 2302; x_wconf 77' lang='lat' dir='ltr'><strong>mortalitatem</strong></span> 
     </span>
     <span class='ocr_line' id='line_1_36' title="bbox 278 2314 971 2358; baseline -0.007 -9"><span class='ocrx_word' id='word_1_294' title='bbox 278 2319 424 2358; x_wconf 83' lang='lat' dir='ltr'><strong>i9norare</strong></span> <span class='ocrx_word' id='word_1_295' title='bbox 457 2322 571 2347; x_wconf 78' lang='lat' dir='ltr'><strong>contra</strong></span> <span class='ocrx_word' id='word_1_296' title='bbox 601 2321 704 2347; x_wconf 88' lang='lat' dir='ltr'><strong>mstos</strong></span> <span class='ocrx_word' id='word_1_297' title='bbox 734 2314 833 2346; x_wconf 80' lang='lat' dir='ltr'><strong>etiam</strong></span> <span class='ocrx_word' id='word_1_298' title='bbox 866 2314 971 2355; x_wconf 86' lang='lat' dir='ltr'><strong>Bong.</strong></span> 
     </span>
     <span class='ocr_line' id='line_1_37' title="bbox 279 2360 974 2399; baseline -0.009 -5"><span class='ocrx_word' id='word_1_299' title='bbox 279 2362 371 2394; x_wconf 87' lang='lat' dir='ltr'><strong>Pinc.</strong></span> <span class='ocrx_word' id='word_1_300' title='bbox 386 2361 443 2392; x_wconf 88' lang='lat' dir='ltr'><strong>Gr.</strong></span> <span class='ocrx_word' id='word_1_301' title='bbox 503 2362 567 2395; x_wconf 57' lang='lat'><strong>5258</strong></span> <span class='ocrx_word' id='word_1_302' title='bbox 589 2375 634 2387; x_wconf 91' lang='lat'><strong><em>=</em></strong></span> <span class='ocrx_word' id='word_1_303' title='bbox 658 2363 729 2391; x_wconf 76' lang='lat' dir='ltr'><strong>aul</strong></span> <span class='ocrx_word' id='word_1_304' title='bbox 756 2360 974 2399; x_wconf 77' lang='lat' dir='ltr'><strong>impudentius.</strong></span> 
     </span>
     <span class='ocr_line' id='line_1_38' title="bbox 280 2407 730 2445; baseline -0.009 -6"><span class='ocrx_word' id='word_1_305' title='bbox 280 2408 344 2439; x_wconf 89' lang='lat' dir='ltr'><strong>mD</strong></span> <span class='ocrx_word' id='word_1_306' title='bbox 355 2422 400 2434; x_wconf 92' lang='lat'><strong><em>=</em></strong></span> <span class='ocrx_word' id='word_1_307' title='bbox 414 2416 456 2437; x_wconf 85' lang='grc' dir='ltr'><strong>αη</strong></span> <span class='ocrx_word' id='word_1_308' title='bbox 479 2407 730 2445; x_wconf 73' lang='lat' dir='ltr'><strong>imprudentius.</strong></span> 
     </span>
    </p>

    <p class='ocr_par' dir='ltr' id='par_1_7' title="bbox 275 2449 974 2843">
     <span class='ocr_line' id='line_1_39' title="bbox 324 2449 974 2493; baseline -0.009 -9"><span class='ocrx_word' id='word_1_309' title='bbox 324 2450 357 2484; x_wconf 75' lang='grc'><strong>4.</strong></span> <span class='ocrx_word' id='word_1_310' title='bbox 385 2451 414 2482; x_wconf 90' lang='lat' dir='ltr'>G</span> <span class='ocrx_word' id='word_1_311' title='bbox 427 2454 485 2493; x_wconf 66' lang='lat' dir='ltr'><strong>(cr.</strong></span> <span class='ocrx_word' id='word_1_312' title='bbox 503 2449 553 2492; x_wconf 74' lang='grc' dir='ltr'><strong>ω)</strong></span> <span class='ocrx_word' id='word_1_313' title='bbox 568 2450 738 2490; x_wconf 78' lang='lat' dir='ltr'><strong>=in9em&#39;i</strong></span> <span class='ocrx_word' id='word_1_314' title='bbox 760 2450 806 2480; x_wconf 82' lang='lat' dir='ltr'><strong>tui</strong></span> <span class='ocrx_word' id='word_1_315' title='bbox 833 2449 974 2479; x_wconf 82' lang='lat' dir='ltr'><strong>labora-</strong></span> 
     </span>
     <span class='ocr_line' id='line_1_40' title="bbox 279 2492 971 2535; baseline -0.004 -6"><span class='ocrx_word' id='word_1_316' title='bbox 279 2507 296 2529; x_wconf 92' lang='lat' dir='ltr'><strong>r</strong></span> <span class='ocrx_word' id='word_1_317' title='bbox 307 2506 331 2529; x_wconf 92' lang='lat' dir='ltr'><strong>e.</strong></span> <span class='ocrx_word' id='word_1_318' title='bbox 378 2492 437 2528; x_wconf 76' lang='lat' dir='ltr'><strong>P4.</strong></span> <span class='ocrx_word' id='word_1_319' title='bbox 450 2510 495 2522; x_wconf 89' lang='lat'><strong><em>=</em></strong></span> <span class='ocrx_word' id='word_1_320' title='bbox 506 2497 621 2535; x_wconf 64' lang='lat' dir='ltr'><strong>inglenii</strong></span> <span class='ocrx_word' id='word_1_321' title='bbox 641 2497 673 2524; x_wconf 76' lang='lat' dir='ltr'><strong>tu</strong></span> <span class='ocrx_word' id='word_1_322' title='bbox 684 2504 700 2525; x_wconf 88' lang='lat' dir='ltr'><strong>o</strong></span> <span class='ocrx_word' id='word_1_323' title='bbox 724 2495 838 2525; x_wconf 84' lang='lat' dir='ltr'><strong>labore.</strong></span> <span class='ocrx_word' id='word_1_324' title='bbox 871 2494 926 2533; x_wconf 60' lang='lat' dir='ltr'><strong>z.</strong></span> <span class='ocrx_word' id='word_1_325' title='bbox 938 2515 947 2526; x_wconf 80' lang='grc'><strong>.</strong></span> <span class='ocrx_word' id='word_1_326' title='bbox 961 2514 971 2526; x_wconf 70' lang='grc'><strong>.</strong></span> 
     </span>
     <span class='ocr_line' id='line_1_41' title="bbox 280 2535 973 2581; baseline -0.013 -6"><span class='ocrx_word' id='word_1_327' title='bbox 280 2543 313 2576; x_wconf 65' lang='lat'><strong>(5</strong></span> <span class='ocrx_word' id='word_1_328' title='bbox 334 2556 379 2569; x_wconf 91' lang='lat'><strong>=</strong></span> <span class='ocrx_word' id='word_1_329' title='bbox 399 2542 515 2581; x_wconf 69' lang='lat' dir='ltr'><strong>ingenii</strong></span> <span class='ocrx_word' id='word_1_330' title='bbox 538 2542 641 2571; x_wconf 81' lang='lat' dir='ltr'><strong>labore</strong></span> <span class='ocrx_word' id='word_1_331' title='bbox 664 2540 718 2570; x_wconf 83' lang='lat' dir='ltr'><strong>lui.</strong></span> <span class='ocrx_word' id='word_1_332' title='bbox 767 2537 851 2569; x_wconf 79' lang='lat' dir='ltr'><strong>Reli.</strong></span> <span class='ocrx_word' id='word_1_333' title='bbox 874 2535 973 2567; x_wconf 78' lang='lat' dir='ltr'><strong>etiam</strong></span> 
     </span>
     <span class='ocr_line' id='line_1_42' title="bbox 278 2585 971 2621; baseline -0.009 -3"><span class='ocrx_word' id='word_1_334' title='bbox 278 2586 368 2621; x_wconf 86' lang='lat' dir='ltr'><strong>Piuc.</strong></span> <span class='ocrx_word' id='word_1_335' title='bbox 383 2586 440 2617; x_wconf 88' lang='lat' dir='ltr'><strong>Gr.</strong></span> <span class='ocrx_word' id='word_1_336' title='bbox 469 2598 518 2616; x_wconf 74' lang='grc' dir='ltr'><strong>ω.</strong></span> <span class='ocrx_word' id='word_1_337' title='bbox 579 2586 601 2614; x_wconf 88' lang='lat' dir='ltr'>B</span> <span class='ocrx_word' id='word_1_338' title='bbox 626 2598 670 2610; x_wconf 87' lang='lat'>=</span> <span class='ocrx_word' id='word_1_339' title='bbox 691 2585 724 2614; x_wconf 82' lang='lat' dir='ltr'><strong>in</strong></span> <span class='ocrx_word' id='word_1_340' title='bbox 747 2592 853 2614; x_wconf 73' lang='lat' dir='ltr'><strong>ntanu</strong></span> <span class='ocrx_word' id='word_1_341' title='bbox 876 2591 971 2612; x_wconf 84' lang='lat' dir='ltr'><strong>sume.</strong></span> 
     </span>
     <span class='ocr_line' id='line_1_43' title="bbox 278 2627 971 2662; baseline -0.009 0"><span class='ocrx_word' id='word_1_342' title='bbox 278 2632 308 2662; x_wconf 90' lang='lat' dir='ltr'>V</span> <span class='ocrx_word' id='word_1_343' title='bbox 329 2647 374 2659; x_wconf 88' lang='lat'>=</span> <span class='ocrx_word' id='word_1_344' title='bbox 394 2633 427 2662; x_wconf 84' lang='lat' dir='ltr'><strong>in</strong></span> <span class='ocrx_word' id='word_1_345' title='bbox 458 2639 572 2662; x_wconf 81' lang='lat' dir='ltr'><strong>manus</strong></span> <span class='ocrx_word' id='word_1_346' title='bbox 603 2637 762 2660; x_wconf 82' lang='lat' dir='ltr'><strong>summe.</strong></span> <span class='ocrx_word' id='word_1_347' title='bbox 809 2627 904 2658; x_wconf 83' lang='lat' dir='ltr'><strong>Rom.</strong></span> <span class='ocrx_word' id='word_1_348' title='bbox 926 2640 971 2653; x_wconf 92' lang='lat'>=</span> 
     </span>
     <span class='ocr_line' id='line_1_44' title="bbox 277 2673 972 2716; baseline -0.007 -9"><span class='ocrx_word' id='word_1_349' title='bbox 277 2686 358 2716; x_wconf 82' lang='lat' dir='ltr'><strong>quae</strong></span> <span class='ocrx_word' id='word_1_350' title='bbox 381 2679 414 2707; x_wconf 77' lang='lat' dir='ltr'><strong>tu</strong></span> <span class='ocrx_word' id='word_1_351' title='bbox 436 2677 482 2707; x_wconf 78' lang='lat' dir='ltr'><strong>ila</strong></span> <span class='ocrx_word' id='word_1_352' title='bbox 504 2675 672 2706; x_wconf 77' lang='lat' dir='ltr'><strong>solvisti.</strong></span> <span class='ocrx_word' id='word_1_353' title='bbox 720 2673 746 2703; x_wconf 93' lang='lat' dir='ltr'>D</span> <span class='ocrx_word' id='word_1_354' title='bbox 761 2674 972 2703; x_wconf 78' lang='lat' dir='ltr'><strong>=structura</strong></span> 
     </span>
     <span class='ocr_line' id='line_1_45' title="bbox 277 2715 970 2759; baseline -0.007 -7"><span class='ocrx_word' id='word_1_355' title='bbox 277 2730 293 2751; x_wconf 88' lang='lat' dir='ltr'><strong>e</strong></span> <span class='ocrx_word' id='word_1_356' title='bbox 302 2731 320 2752; x_wconf 92' lang='grc' dir='ltr'><em>ο</em></span> <span class='ocrx_word' id='word_1_357' title='bbox 329 2731 374 2752; x_wconf 89' lang='lat' dir='ltr'><strong>ru</strong></span> <span class='ocrx_word' id='word_1_358' title='bbox 384 2729 425 2750; x_wconf 87' lang='lat' dir='ltr'><strong>m.</strong></span> <span class='ocrx_word' id='word_1_359' title='bbox 473 2720 497 2750; x_wconf 86' lang='lat' dir='ltr'><strong>B</strong></span> <span class='ocrx_word' id='word_1_360' title='bbox 509 2734 552 2746; x_wconf 93' lang='lat'><strong><em>=</em></strong></span> <span class='ocrx_word' id='word_1_361' title='bbox 561 2720 664 2759; x_wconf 68' lang='lat' dir='ltr'><strong>gralia</strong></span> <span class='ocrx_word' id='word_1_362' title='bbox 687 2720 802 2750; x_wconf 76' lang='lat' dir='ltr'><strong>tamen.</strong></span> <span class='ocrx_word' id='word_1_363' title='bbox 852 2715 911 2748; x_wconf 77' lang='lat'><strong>1³3.</strong></span> <span class='ocrx_word' id='word_1_364' title='bbox 924 2729 970 2743; x_wconf 89' lang='lat'><strong><em>=</em></strong></span> 
     </span>
     <span class='ocr_line' id='line_1_46' title="bbox 278 2761 970 2797; baseline -0.009 0"><span class='ocrx_word' id='word_1_365' title='bbox 278 2766 332 2796; x_wconf 90' lang='lat' dir='ltr'><strong>Tu</strong></span> <span class='ocrx_word' id='word_1_366' title='bbox 353 2766 435 2797; x_wconf 79' lang='lat' dir='ltr'><strong>enim</strong></span> <span class='ocrx_word' id='word_1_367' title='bbox 453 2766 519 2795; x_wconf 85' lang='lat' dir='ltr'><strong>illa.</strong></span> <span class='ocrx_word' id='word_1_368' title='bbox 552 2762 641 2795; x_wconf 85' lang='lat' dir='ltr'><strong>Pinc.</strong></span> <span class='ocrx_word' id='word_1_369' title='bbox 655 2761 694 2793; x_wconf 88' lang='lat' dir='ltr'><strong>ci.</strong></span> <span class='ocrx_word' id='word_1_370' title='bbox 707 2776 752 2789; x_wconf 88' lang='lat'><strong><em>=</em></strong></span> <span class='ocrx_word' id='word_1_371' title='bbox 765 2763 818 2794; x_wconf 87' lang='lat' dir='ltr'><strong>Sic</strong></span> <span class='ocrx_word' id='word_1_372' title='bbox 841 2762 970 2792; x_wconf 78' lang='lat' dir='ltr'><strong>etiam</strong></span> 
     </span>
     <span class='ocr_line' id='line_1_47' title="bbox 275 2805 969 2843; baseline -0.006 -3"><span class='ocrx_word' id='word_1_373' title='bbox 275 2811 342 2840; x_wconf 83' lang='lat' dir='ltr'><strong>illa.</strong></span> <span class='ocrx_word' id='word_1_374' title='bbox 389 2807 447 2840; x_wconf 81' lang='lat' dir='ltr'><strong>P2.</strong></span> <span class='ocrx_word' id='word_1_375' title='bbox 460 2805 493 2840; x_wconf 80' lang='lat'><strong>4.</strong></span> <span class='ocrx_word' id='word_1_376' title='bbox 508 2810 539 2842; x_wconf 61' lang='grc' dir='ltr'><strong><em>π</em></strong></span> <span class='ocrx_word' id='word_1_377' title='bbox 550 2830 559 2842; x_wconf 75' lang='grc'><strong>.</strong></span> <span class='ocrx_word' id='word_1_378' title='bbox 572 2829 582 2840; x_wconf 80' lang='grc'><strong>.</strong></span> <span class='ocrx_word' id='word_1_379' title='bbox 596 2830 606 2843; x_wconf 80' lang='grc'><strong>.</strong></span> <span class='ocrx_word' id='word_1_380' title='bbox 620 2806 683 2842; x_wconf 63' lang='grc' dir='ltr'><strong>(ΕΙ.</strong></span> <span class='ocrx_word' id='word_1_381' title='bbox 696 2821 739 2834; x_wconf 90' lang='lat'>=</span> <span class='ocrx_word' id='word_1_382' title='bbox 753 2808 805 2839; x_wconf 85' lang='lat' dir='ltr'><strong>Sic</strong></span> <span class='ocrx_word' id='word_1_383' title='bbox 829 2807 911 2838; x_wconf 83' lang='lat' dir='ltr'><strong>enim</strong></span> <span class='ocrx_word' id='word_1_384' title='bbox 930 2815 969 2837; x_wconf 80' lang='lat' dir='ltr'><strong>ex</strong></span> 
     </span>
    </p>
   </div>
   <div class='ocr_carea' id='block_1_6' title="bbox 393 1780 1716 1824">
    <p class='ocr_par' dir='ltr' id='par_1_8' title="bbox 393 1780 1716 1824">
     <span class='ocr_line' id='line_1_48' title="bbox 393 1780 1716 1824; baseline -0.004 -11"><span class='ocrx_word' id='word_1_385' title='bbox 393 1782 422 1813; x_wconf 94' lang='lat' dir='ltr'>D</span> <span class='ocrx_word' id='word_1_386' title='bbox 439 1782 484 1824; x_wconf 85' lang='lat' dir='ltr'><strong>(m</strong></span> <span class='ocrx_word' id='word_1_387' title='bbox 499 1780 551 1821; x_wconf 73' lang='grc' dir='ltr'><strong>ω)</strong></span> <span class='ocrx_word' id='word_1_388' title='bbox 574 1797 617 1804; x_wconf 93' lang='grc'>-</span> <span class='ocrx_word' id='word_1_389' title='bbox 640 1784 683 1812; x_wconf 82' lang='lat' dir='ltr'><strong>est</strong></span> <span class='ocrx_word' id='word_1_390' title='bbox 713 1786 791 1822; x_wconf 83' lang='lat' dir='ltr'><strong>post</strong></span> <span class='ocrx_word' id='word_1_391' title='bbox 820 1782 979 1813; x_wconf 78' lang='lat' dir='ltr'><strong>incertum.</strong></span> <span class='ocrx_word' id='word_1_392' title='bbox 1025 1782 1058 1812; x_wconf 89' lang='lat' dir='ltr'><strong>la</strong></span> <span class='ocrx_word' id='word_1_393' title='bbox 1081 1790 1119 1812; x_wconf 74' lang='lat' dir='ltr'><strong>ex</strong></span> <span class='ocrx_word' id='word_1_394' title='bbox 1141 1782 1224 1812; x_wconf 88' lang='lat' dir='ltr'><strong>illa</strong></span> <span class='ocrx_word' id='word_1_395' title='bbox 1248 1782 1358 1820; x_wconf 71' lang='lat' dir='ltr'><strong>linyua</strong></span> <span class='ocrx_word' id='word_1_396' title='bbox 1387 1782 1431 1811; x_wconf 79' lang='lat' dir='ltr'><strong>ut</strong></span> <span class='ocrx_word' id='word_1_397' title='bbox 1464 1780 1574 1811; x_wconf 75' lang='lat' dir='ltr'><strong>aliam.</strong></span> <span class='ocrx_word' id='word_1_398' title='bbox 1621 1780 1653 1812; x_wconf 88' lang='lat' dir='ltr'><strong>V</strong></span> <span class='ocrx_word' id='word_1_399' title='bbox 1671 1794 1716 1808; x_wconf 90' lang='lat'>..—..</span> 
     </span>
    </p>
   </div>
   <div class='ocr_carea' id='block_1_7' title="bbox 1019 1823 1716 2266">
    <p class='ocr_par' dir='ltr' id='par_1_9' title="bbox 1019 1823 1716 2266">
     <span class='ocr_line' id='line_1_49' title="bbox 1025 1823 1716 1866; baseline -0.003 -10"><span class='ocrx_word' id='word_1_400' title='bbox 1025 1835 1063 1856; x_wconf 74' lang='lat' dir='ltr'><strong>ex</strong></span> <span class='ocrx_word' id='word_1_401' title='bbox 1085 1835 1167 1856; x_wconf 85' lang='lat' dir='ltr'><strong>una</strong></span> <span class='ocrx_word' id='word_1_402' title='bbox 1189 1827 1298 1864; x_wconf 69' lang='lat' dir='ltr'><strong>lingua</strong></span> <span class='ocrx_word' id='word_1_403' title='bbox 1320 1826 1354 1855; x_wconf 81' lang='lat' dir='ltr'><strong>in</strong></span> <span class='ocrx_word' id='word_1_404' title='bbox 1376 1825 1485 1855; x_wconf 84' lang='lat' dir='ltr'><strong>aliam.</strong></span> <span class='ocrx_word' id='word_1_405' title='bbox 1520 1823 1716 1866; x_wconf 70' lang='lat' dir='ltr'><strong>D(moe)-·</strong></span> 
     </span>
     <span class='ocr_line' id='line_1_50' title="bbox 1024 1870 1715 1901; baseline -0.001 0"><span class='ocrx_word' id='word_1_406' title='bbox 1024 1879 1062 1901; x_wconf 74' lang='lat' dir='ltr'><strong>ex</strong></span> <span class='ocrx_word' id='word_1_407' title='bbox 1084 1875 1160 1900; x_wconf 84' lang='lat' dir='ltr'><strong>ante</strong></span> <span class='ocrx_word' id='word_1_408' title='bbox 1185 1871 1261 1900; x_wconf 81' lang='lat' dir='ltr'><strong>alia.</strong></span> <span class='ocrx_word' id='word_1_409' title='bbox 1305 1870 1328 1899; x_wconf 93' lang='lat' dir='ltr'>B</span> <span class='ocrx_word' id='word_1_410' title='bbox 1342 1883 1386 1895; x_wconf 95' lang='lat'><strong><em>=</em></strong></span> <span class='ocrx_word' id='word_1_411' title='bbox 1399 1877 1504 1899; x_wconf 86' lang='lat' dir='ltr'><strong>omnes</strong></span> <span class='ocrx_word' id='word_1_412' title='bbox 1526 1870 1715 1901; x_wconf 73' lang='lat' dir='ltr'><strong>turtures</strong></span> 
     </span>
     <span class='ocr_line' id='line_1_51' title="bbox 1022 1911 1714 1955; baseline -0.001 -10"><span class='ocrx_word' id='word_1_413' title='bbox 1022 1915 1055 1945; x_wconf 81' lang='lat' dir='ltr'><strong>in</strong></span> <span class='ocrx_word' id='word_1_414' title='bbox 1077 1916 1223 1945; x_wconf 82' lang='lat' dir='ltr'><strong>alienam.</strong></span> <span class='ocrx_word' id='word_1_415' title='bbox 1269 1912 1376 1944; x_wconf 83' lang='lat' dir='ltr'><strong>Possit</strong></span> <span class='ocrx_word' id='word_1_416' title='bbox 1402 1911 1518 1955; x_wconf 82' lang='lat' dir='ltr'><strong>aliquis</strong></span> <span class='ocrx_word' id='word_1_417' title='bbox 1546 1911 1624 1944; x_wconf 87' lang='lat' dir='ltr'><strong>inde</strong></span> <span class='ocrx_word' id='word_1_418' title='bbox 1654 1923 1714 1944; x_wconf 84' lang='lat' dir='ltr'><strong>su-</strong></span> 
     </span>
     <span class='ocr_line' id='line_1_52' title="bbox 1021 1956 1713 2001; baseline 0 -12"><span class='ocrx_word' id='word_1_419' title='bbox 1021 1957 1140 2001; x_wconf 82' lang='lat' dir='ltr'><strong>spicari</strong></span> <span class='ocrx_word' id='word_1_420' title='bbox 1171 1968 1275 1990; x_wconf 84' lang='lat' dir='ltr'><strong>omnes</strong></span> <span class='ocrx_word' id='word_1_421' title='bbox 1307 1967 1327 1989; x_wconf 83' lang='lat' dir='ltr'><strong><em>v</em></strong></span> <span class='ocrx_word' id='word_1_422' title='bbox 1338 1967 1352 1989; x_wconf 88' lang='lat' dir='ltr'><strong>e</strong></span> <span class='ocrx_word' id='word_1_423' title='bbox 1361 1968 1382 1990; x_wconf 81' lang='lat' dir='ltr'><strong>n</strong></span> <span class='ocrx_word' id='word_1_424' title='bbox 1393 1967 1407 1989; x_wconf 87' lang='lat' dir='ltr'><strong>e</strong></span> <span class='ocrx_word' id='word_1_425' title='bbox 1417 1967 1435 1989; x_wconf 87' lang='lat' dir='ltr'><strong>r</strong></span> <span class='ocrx_word' id='word_1_426' title='bbox 1445 1966 1459 1988; x_wconf 89' lang='lat' dir='ltr'><strong>e</strong></span> <span class='ocrx_word' id='word_1_427' title='bbox 1467 1966 1493 1988; x_wconf 87' lang='lat' dir='ltr'><strong>s.</strong></span> <span class='ocrx_word' id='word_1_428' title='bbox 1551 1956 1647 1989; x_wconf 83' lang='lat' dir='ltr'><strong>Rom.</strong></span> <span class='ocrx_word' id='word_1_429' title='bbox 1668 1971 1713 1985; x_wconf 93' lang='lat'><strong>==</strong></span> 
     </span>
     <span class='ocr_line' id='line_1_53' title="bbox 1022 2001 1712 2037; baseline 0.004 -3"><span class='ocrx_word' id='word_1_430' title='bbox 1022 2005 1055 2035; x_wconf 83' lang='lat' dir='ltr'><strong>in</strong></span> <span class='ocrx_word' id='word_1_431' title='bbox 1078 2005 1200 2034; x_wconf 84' lang='lat' dir='ltr'><strong>aliam</strong></span> <span class='ocrx_word' id='word_1_432' title='bbox 1224 2006 1251 2034; x_wconf 82' lang='lat' dir='ltr'><strong>te</strong></span> <span class='ocrx_word' id='word_1_433' title='bbox 1273 2004 1451 2034; x_wconf 76' lang='lat' dir='ltr'><strong>orationem.</strong></span> <span class='ocrx_word' id='word_1_434' title='bbox 1477 2002 1541 2036; x_wconf 56' lang='grc' dir='ltr'><strong>ΞΒ</strong></span> <span class='ocrx_word' id='word_1_435' title='bbox 1554 2001 1596 2037; x_wconf 67' lang='lat'><strong>22.</strong></span> <span class='ocrx_word' id='word_1_436' title='bbox 1608 2025 1641 2037; x_wconf 70' lang='grc'><strong>..</strong></span> <span class='ocrx_word' id='word_1_437' title='bbox 1653 2002 1712 2037; x_wconf 68' lang='lat'><strong>24.</strong></span> 
     </span>
     <span class='ocr_line' id='line_1_54' title="bbox 1022 2045 1713 2089; baseline 0 -10"><span class='ocrx_word' id='word_1_438' title='bbox 1022 2062 1066 2075; x_wconf 87' lang='lat'><strong><em>=</em></strong></span> <span class='ocrx_word' id='word_1_439' title='bbox 1078 2051 1199 2079; x_wconf 75' lang='lat' dir='ltr'><strong>secutae</strong></span> <span class='ocrx_word' id='word_1_440' title='bbox 1222 2050 1321 2079; x_wconf 80' lang='lat' dir='ltr'><strong>sunt.</strong></span> <span class='ocrx_word' id='word_1_441' title='bbox 1368 2047 1397 2078; x_wconf 92' lang='lat' dir='ltr'>D</span> <span class='ocrx_word' id='word_1_442' title='bbox 1413 2045 1516 2089; x_wconf 68' lang='lat' dir='ltr'><strong>(mm)</strong></span> <span class='ocrx_word' id='word_1_443' title='bbox 1536 2061 1583 2074; x_wconf 91' lang='lat'>=</span> <span class='ocrx_word' id='word_1_444' title='bbox 1602 2049 1713 2079; x_wconf 77' lang='lat' dir='ltr'><strong>secuti</strong></span> 
     </span>
     <span class='ocr_line' id='line_1_55' title="bbox 1021 2089 1713 2126; baseline 0.001 -3"><span class='ocrx_word' id='word_1_445' title='bbox 1021 2095 1091 2123; x_wconf 75' lang='lat' dir='ltr'><strong>sint.</strong></span> <span class='ocrx_word' id='word_1_446' title='bbox 1139 2092 1286 2122; x_wconf 89' lang='lat' dir='ltr'><strong>BGVDE</strong></span> <span class='ocrx_word' id='word_1_447' title='bbox 1300 2093 1331 2125; x_wconf 60' lang='lat' dir='ltr'><em>z</em></span> <span class='ocrx_word' id='word_1_448' title='bbox 1344 2113 1375 2126; x_wconf 66' lang='lat'><strong>0.</strong></span> <span class='ocrx_word' id='word_1_449' title='bbox 1388 2114 1400 2126; x_wconf 65' lang='lat'><em>0</em></span> <span class='ocrx_word' id='word_1_450' title='bbox 1415 2089 1477 2125; x_wconf 54' lang='grc' dir='ltr'><strong>(ᾗ.</strong></span> <span class='ocrx_word' id='word_1_451' title='bbox 1491 2105 1536 2118; x_wconf 92' lang='lat'>=</span> <span class='ocrx_word' id='word_1_452' title='bbox 1549 2092 1661 2123; x_wconf 80' lang='lat' dir='ltr'><strong>Nullus</strong></span> <span class='ocrx_word' id='word_1_453' title='bbox 1682 2101 1713 2124; x_wconf 84' lang='lat' dir='ltr'><strong>e-</strong></span> 
     </span>
     <span class='ocr_line' id='line_1_56' title="bbox 1020 2135 1714 2177; baseline 0 -9"><span class='ocrx_word' id='word_1_454' title='bbox 1020 2139 1090 2168; x_wconf 80' lang='lat' dir='ltr'><strong>rat</strong></span> <span class='ocrx_word' id='word_1_455' title='bbox 1123 2138 1156 2167; x_wconf 85' lang='lat' dir='ltr'><strong>in</strong></span> <span class='ocrx_word' id='word_1_456' title='bbox 1180 2138 1251 2167; x_wconf 82' lang='lat' dir='ltr'><strong>illis.</strong></span> <span class='ocrx_word' id='word_1_457' title='bbox 1299 2135 1355 2177; x_wconf 83' lang='lat' dir='ltr'><strong>GE</strong></span> <span class='ocrx_word' id='word_1_458' title='bbox 1369 2136 1538 2170; x_wconf 55' lang='lat' dir='ltr'><strong>323=ex</strong></span> <span class='ocrx_word' id='word_1_459' title='bbox 1560 2137 1642 2167; x_wconf 80' lang='lat' dir='ltr'><strong>illa</strong></span> <span class='ocrx_word' id='word_1_460' title='bbox 1664 2139 1714 2168; x_wconf 81' lang='lat' dir='ltr'><strong>at·</strong></span> 
     </span>
     <span class='ocr_line' id='line_1_57' title="bbox 1020 2178 1712 2221; baseline 0.001 -11"><span class='ocrx_word' id='word_1_461' title='bbox 1020 2190 1076 2220; x_wconf 82' lang='lat' dir='ltr'><strong>que</strong></span> <span class='ocrx_word' id='word_1_462' title='bbox 1100 2181 1165 2210; x_wconf 77' lang='lat' dir='ltr'><strong>alia</strong></span> <span class='ocrx_word' id='word_1_463' title='bbox 1189 2189 1297 2211; x_wconf 86' lang='lat' dir='ltr'><strong>causa.</strong></span> <span class='ocrx_word' id='word_1_464' title='bbox 1346 2178 1492 2221; x_wconf 51' lang='lat' dir='ltr'><strong>ngw)</strong></span> <span class='ocrx_word' id='word_1_465' title='bbox 1508 2193 1553 2206; x_wconf 94' lang='lat'>=</span> <span class='ocrx_word' id='word_1_466' title='bbox 1572 2183 1609 2211; x_wconf 78' lang='lat' dir='ltr'><strong>et</strong></span> <span class='ocrx_word' id='word_1_467' title='bbox 1630 2181 1712 2211; x_wconf 80' lang='lat' dir='ltr'><strong>illa</strong></span> 
     </span>
     <span class='ocr_line' id='line_1_58' title="bbox 1019 2222 1711 2266; baseline 0 -11"><span class='ocrx_word' id='word_1_468' title='bbox 1019 2228 1110 2264; x_wconf 83' lang='lat' dir='ltr'><strong>atque</strong></span> <span class='ocrx_word' id='word_1_469' title='bbox 1131 2225 1197 2254; x_wconf 86' lang='lat' dir='ltr'><strong>alia</strong></span> <span class='ocrx_word' id='word_1_470' title='bbox 1217 2234 1242 2255; x_wconf 90' lang='lat' dir='ltr'><strong>c.</strong></span> <span class='ocrx_word' id='word_1_471' title='bbox 1292 2222 1428 2266; x_wconf 74' lang='lat' dir='ltr'><strong>G(1noe)</strong></span> <span class='ocrx_word' id='word_1_472' title='bbox 1442 2225 1640 2263; x_wconf 72' lang='lat' dir='ltr'><strong>:exempla</strong></span> <span class='ocrx_word' id='word_1_473' title='bbox 1656 2225 1711 2255; x_wconf 79' lang='lat' dir='ltr'><strong>tibi</strong></span> 
     </span>
    </p>
   </div>
   <div class='ocr_carea' id='block_1_8' title="bbox 1018 2270 1168 2309">
    <p class='ocr_par' dir='ltr' id='par_1_10' title="bbox 1018 2270 1168 2309">
     <span class='ocr_line' id='line_1_59' title="bbox 1018 2270 1168 2309; baseline -0.013 -9"><span class='ocrx_word' id='word_1_474' title='bbox 1018 2270 1035 2309; x_wconf 78' lang='grc' dir='ltr'><em>Ῑ</em></span> <span class='ocrx_word' id='word_1_475' title='bbox 1042 2279 1062 2300; x_wconf 87' lang='lat' dir='ltr'><strong>u</strong></span> <span class='ocrx_word' id='word_1_476' title='bbox 1071 2272 1168 2308; x_wconf 80' lang='lat' dir='ltr'><strong>9erat.</strong></span> 
     </span>
    </p>
   </div>
   <div class='ocr_carea' id='block_1_9' title="bbox 1016 2308 1710 2436">
    <p class='ocr_par' dir='ltr' id='par_1_11' title="bbox 1016 2308 1710 2436">
     <span class='ocr_line' id='line_1_60' title="bbox 1063 2308 1710 2352; baseline 0.002 -9"><span class='ocrx_word' id='word_1_477' title='bbox 1063 2312 1096 2344; x_wconf 82' lang='lat'><strong>5.</strong></span> <span class='ocrx_word' id='word_1_478' title='bbox 1121 2313 1147 2343; x_wconf 90' lang='grc' dir='ltr'>Β</span> <span class='ocrx_word' id='word_1_479' title='bbox 1159 2308 1218 2344; x_wconf 77' lang='grc' dir='ltr'><strong>Ρ4.</strong></span> <span class='ocrx_word' id='word_1_480' title='bbox 1232 2327 1276 2340; x_wconf 88' lang='lat'><strong><em>=</em></strong></span> <span class='ocrx_word' id='word_1_481' title='bbox 1289 2313 1368 2352; x_wconf 74' lang='lat' dir='ltr'><strong>Leye</strong></span> <span class='ocrx_word' id='word_1_482' title='bbox 1388 2315 1514 2352; x_wconf 78' lang='lat' dir='ltr'><strong>quanta</strong></span> <span class='ocrx_word' id='word_1_483' title='bbox 1537 2314 1626 2352; x_wconf 79' lang='lat' dir='ltr'><strong>spirit</strong></span> <span class='ocrx_word' id='word_1_484' title='bbox 1637 2323 1658 2344; x_wconf 91' lang='lat' dir='ltr'><strong>u</strong></span> <span class='ocrx_word' id='word_1_485' title='bbox 1668 2323 1710 2344; x_wconf 87' lang='lat' dir='ltr'><strong>m.</strong></span> 
     </span>
     <span class='ocr_line' id='line_1_61' title="bbox 1022 2355 1710 2400; baseline -0.001 -11"><span class='ocrx_word' id='word_1_486' title='bbox 1022 2356 1157 2400; x_wconf 73' lang='grc' dir='ltr'><strong>1)(ιιιω)</strong></span> <span class='ocrx_word' id='word_1_487' title='bbox 1173 2355 1235 2391; x_wconf 66' lang='lat' dir='ltr'><strong>OEl.</strong></span> <span class='ocrx_word' id='word_1_488' title='bbox 1249 2379 1260 2391; x_wconf 61' lang='lat'><em>0</em></span> <span class='ocrx_word' id='word_1_489' title='bbox 1273 2379 1283 2390; x_wconf 79' lang='grc'><strong>.</strong></span> <span class='ocrx_word' id='word_1_490' title='bbox 1297 2379 1308 2391; x_wconf 75' lang='grc'><strong>.</strong></span> <span class='ocrx_word' id='word_1_491' title='bbox 1321 2357 1396 2397; x_wconf 57' lang='grc' dir='ltr'><strong>Σέδιι</strong></span> <span class='ocrx_word' id='word_1_492' title='bbox 1407 2371 1452 2384; x_wconf 87' lang='lat'>=</span> <span class='ocrx_word' id='word_1_493' title='bbox 1463 2359 1543 2397; x_wconf 64' lang='lat' dir='ltr'><strong>Lege</strong></span> <span class='ocrx_word' id='word_1_494' title='bbox 1557 2367 1625 2397; x_wconf 81' lang='lat' dir='ltr'><strong>quo</strong></span> <span class='ocrx_word' id='word_1_495' title='bbox 1645 2359 1710 2397; x_wconf 86' lang='lat' dir='ltr'><strong>spi-</strong></span> 
     </span>
     <span class='ocr_line' id='line_1_62' title="bbox 1016 2399 1708 2436; baseline -0.001 -3"><span class='ocrx_word' id='word_1_496' title='bbox 1016 2404 1091 2436; x_wconf 73' lang='lat' dir='ltr'><strong>ritu.</strong></span> <span class='ocrx_word' id='word_1_497' title='bbox 1148 2400 1231 2433; x_wconf 79' lang='lat' dir='ltr'><strong>Retl.</strong></span> <span class='ocrx_word' id='word_1_498' title='bbox 1264 2401 1363 2432; x_wconf 82' lang='lat' dir='ltr'><strong>etium</strong></span> <span class='ocrx_word' id='word_1_499' title='bbox 1393 2400 1482 2433; x_wconf 85' lang='lat' dir='ltr'><strong>Pinc.</strong></span> <span class='ocrx_word' id='word_1_500' title='bbox 1507 2399 1565 2433; x_wconf 78' lang='lat' dir='ltr'><strong>P2.</strong></span> <span class='ocrx_word' id='word_1_501' title='bbox 1579 2401 1612 2434; x_wconf 82' lang='grc'><strong>3.</strong></span> <span class='ocrx_word' id='word_1_502' title='bbox 1637 2400 1708 2433; x_wconf 88' lang='lat' dir='ltr'><strong>Col.</strong></span> 
     </span>
    </p>
   </div>
   <div class='ocr_carea' id='block_1_10' title="bbox 1014 2445 1709 2838">
    <p class='ocr_par' dir='ltr' id='par_1_12' title="bbox 1017 2445 1709 2579">
     <span class='ocr_line' id='line_1_63' title="bbox 1021 2445 1709 2478; baseline 0.001 -1"><span class='ocrx_word' id='word_1_503' title='bbox 1021 2449 1091 2478; x_wconf 80' lang='lat' dir='ltr'><strong>Ort.</strong></span> <span class='ocrx_word' id='word_1_504' title='bbox 1116 2446 1210 2478; x_wconf 82' lang='lat' dir='ltr'><strong>Rom.</strong></span> <span class='ocrx_word' id='word_1_505' title='bbox 1236 2445 1321 2477; x_wconf 83' lang='lat' dir='ltr'><strong>Scal.</strong></span> <span class='ocrx_word' id='word_1_506' title='bbox 1341 2445 1464 2478; x_wconf 89' lang='lat' dir='ltr'><strong>Tronc.</strong></span> <span class='ocrx_word' id='word_1_507' title='bbox 1482 2458 1533 2478; x_wconf 75' lang='grc' dir='ltr'><strong>ω.</strong></span> <span class='ocrx_word' id='word_1_508' title='bbox 1581 2445 1609 2476; x_wconf 90' lang='lat' dir='ltr'><strong>G</strong></span> <span class='ocrx_word' id='word_1_509' title='bbox 1632 2445 1709 2478; x_wconf 88' lang='lat' dir='ltr'><strong>loco</strong></span> 
     </span>
     <span class='ocr_line' id='line_1_64' title="bbox 1018 2487 1709 2532; baseline -0.001 -9"><span class='ocrx_word' id='word_1_510' title='bbox 1018 2493 1185 2523; x_wconf 74' lang='lat' dir='ltr'><strong>intonueris</strong></span> <span class='ocrx_word' id='word_1_511' title='bbox 1200 2490 1314 2522; x_wconf 83' lang='lat' dir='ltr'><strong>habuit</strong></span> <span class='ocrx_word' id='word_1_512' title='bbox 1329 2490 1471 2532; x_wconf 85' lang='lat' dir='ltr'><strong>spatium</strong></span> <span class='ocrx_word' id='word_1_513' title='bbox 1485 2487 1633 2531; x_wconf 66' lang='lat' dir='ltr'><strong>vacuum,</strong></span> <span class='ocrx_word' id='word_1_514' title='bbox 1650 2489 1709 2522; x_wconf 88' lang='lat' dir='ltr'><strong>sed</strong></span> 
     </span>
     <span class='ocr_line' id='line_1_65' title="bbox 1017 2532 1513 2579; baseline -0.006 -11"><span class='ocrx_word' id='word_1_515' title='bbox 1017 2535 1184 2579; x_wconf 79' lang='lat' dir='ltr'><strong>supplevit</strong></span> <span class='ocrx_word' id='word_1_516' title='bbox 1206 2546 1277 2567; x_wconf 87' lang='lat' dir='ltr'><strong>s.m.</strong></span> <span class='ocrx_word' id='word_1_517' title='bbox 1512 2532 1513 2535; x_wconf 38' lang='lat'>¹</span> 
     </span>
    </p>

    <p class='ocr_par' dir='ltr' id='par_1_13' title="bbox 1014 2577 1708 2838">
     <span class='ocr_line' id='line_1_66' title="bbox 1063 2577 1702 2623; baseline -0.002 -11"><span class='ocrx_word' id='word_1_518' title='bbox 1063 2582 1140 2612; x_wconf 86' lang='lat' dir='ltr'><strong>desc</strong></span> <span class='ocrx_word' id='word_1_519' title='bbox 1151 2582 1187 2612; x_wconf 86' lang='lat' dir='ltr'><strong>is</strong></span> <span class='ocrx_word' id='word_1_520' title='bbox 1198 2591 1213 2612; x_wconf 88' lang='lat' dir='ltr'><strong>c</strong></span> <span class='ocrx_word' id='word_1_521' title='bbox 1226 2590 1240 2612; x_wconf 89' lang='lat' dir='ltr'><strong>e</strong></span> <span class='ocrx_word' id='word_1_522' title='bbox 1253 2590 1270 2612; x_wconf 92' lang='lat' dir='ltr'><strong>r</strong></span> <span class='ocrx_word' id='word_1_523' title='bbox 1280 2590 1295 2612; x_wconf 88' lang='lat' dir='ltr'><strong>e</strong></span> <span class='ocrx_word' id='word_1_524' title='bbox 1314 2580 1516 2623; x_wconf 89' lang='lat' dir='ltr'><strong>=BGVD(s</strong></span> <span class='ocrx_word' id='word_1_525' title='bbox 1529 2578 1586 2622; x_wconf 83' lang='lat' dir='ltr'><strong>m.)</strong></span> <span class='ocrx_word' id='word_1_526' title='bbox 1601 2580 1628 2611; x_wconf 86' lang='lat' dir='ltr'><strong>E</strong></span> <span class='ocrx_word' id='word_1_527' title='bbox 1640 2577 1702 2613; x_wconf 80' lang='lat'><strong>1³3.</strong></span> 
     </span>
     <span class='ocr_line' id='line_1_67' title="bbox 1016 2621 1708 2667; baseline -0.003 -10"><span class='ocrx_word' id='word_1_528' title='bbox 1016 2621 1048 2657; x_wconf 81' lang='lat'><strong>4.</strong></span> <span class='ocrx_word' id='word_1_529' title='bbox 1069 2625 1166 2657; x_wconf 88' lang='lat' dir='ltr'><strong>Rom.</strong></span> <span class='ocrx_word' id='word_1_530' title='bbox 1197 2624 1281 2656; x_wconf 80' lang='lat' dir='ltr'><strong>Scal.</strong></span> <span class='ocrx_word' id='word_1_531' title='bbox 1312 2624 1374 2659; x_wconf 59' lang='lat'><strong>(21.</strong></span> <span class='ocrx_word' id='word_1_532' title='bbox 1408 2635 1477 2656; x_wconf 89' lang='lat' dir='ltr'><strong>non</strong></span> <span class='ocrx_word' id='word_1_533' title='bbox 1506 2624 1708 2667; x_wconf 83' lang='lat' dir='ltr'><strong>improbaret</strong></span> 
     </span>
     <span class='ocr_line' id='line_1_68' title="bbox 1019 2668 1708 2712; baseline -0.001 -12"><span class='ocrx_word' id='word_1_534' title='bbox 1019 2670 1111 2701; x_wconf 89' lang='lat' dir='ltr'><strong>Grut.</strong></span> <span class='ocrx_word' id='word_1_535' title='bbox 1124 2693 1135 2708; x_wconf 84' lang='lat'><em>‚</em></span> <span class='ocrx_word' id='word_1_536' title='bbox 1169 2669 1198 2701; x_wconf 88' lang='lat' dir='ltr'><strong>si</strong></span> <span class='ocrx_word' id='word_1_537' title='bbox 1230 2668 1344 2712; x_wconf 85' lang='lat' dir='ltr'><strong>scripti</strong></span> <span class='ocrx_word' id='word_1_538' title='bbox 1373 2668 1473 2701; x_wconf 85' lang='lat' dir='ltr'><strong>etiam</strong></span> <span class='ocrx_word' id='word_1_539' title='bbox 1501 2669 1662 2701; x_wconf 84' lang='lat' dir='ltr'><strong>haberent</strong></span> <span class='ocrx_word' id='word_1_540' title='bbox 1687 2678 1708 2699; x_wconf 88' lang='lat' dir='ltr'><strong>a</strong></span> 
     </span>
     <span class='ocr_line' id='line_1_69' title="bbox 1014 2713 1707 2747; baseline -0.001 -1"><span class='ocrx_word' id='word_1_541' title='bbox 1014 2718 1113 2747; x_wconf 77' lang='lat' dir='ltr'><strong>tanta.</strong></span> <span class='ocrx_word' id='word_1_542' title='bbox 1162 2715 1190 2746; x_wconf 94' lang='lat' dir='ltr'>D</span> <span class='ocrx_word' id='word_1_543' title='bbox 1213 2729 1258 2742; x_wconf 89' lang='lat'>=</span> <span class='ocrx_word' id='word_1_544' title='bbox 1280 2715 1517 2747; x_wconf 79' lang='lat' dir='ltr'><strong>decisscere.</strong></span> <span class='ocrx_word' id='word_1_545' title='bbox 1566 2713 1638 2746; x_wconf 86' lang='lat' dir='ltr'><strong>Col.</strong></span> <span class='ocrx_word' id='word_1_546' title='bbox 1661 2727 1707 2740; x_wconf 94' lang='lat'><strong><em>=</em></strong></span> 
     </span>
     <span class='ocr_line' id='line_1_70' title="bbox 1014 2757 1703 2791; baseline -0.004 0"><span class='ocrx_word' id='word_1_547' title='bbox 1014 2761 1097 2791; x_wconf 81' lang='lat' dir='ltr'><strong>desei</strong></span> <span class='ocrx_word' id='word_1_548' title='bbox 1106 2769 1121 2791; x_wconf 92' lang='lat' dir='ltr'><strong>s</strong></span> <span class='ocrx_word' id='word_1_549' title='bbox 1130 2769 1168 2791; x_wconf 88' lang='lat' dir='ltr'><strong>se</strong></span> <span class='ocrx_word' id='word_1_550' title='bbox 1191 2765 1226 2791; x_wconf 83' lang='lat' dir='ltr'><strong>et</strong></span> <span class='ocrx_word' id='word_1_551' title='bbox 1248 2757 1371 2791; x_wconf 81' lang='lat' dir='ltr'><strong>excidit</strong></span> <span class='ocrx_word' id='word_1_552' title='bbox 1398 2757 1431 2790; x_wconf 89' lang='lat' dir='ltr'><strong>iu</strong></span> <span class='ocrx_word' id='word_1_553' title='bbox 1463 2759 1530 2791; x_wconf 87' lang='lat' dir='ltr'><strong>hoc</strong></span> <span class='ocrx_word' id='word_1_554' title='bbox 1557 2757 1703 2790; x_wconf 78' lang='lat' dir='ltr'><strong>verbum.</strong></span> 
     </span>
     <span class='ocr_line' id='line_1_71' title="bbox 1016 2801 1706 2838; baseline -0.004 -2"><span class='ocrx_word' id='word_1_555' title='bbox 1016 2807 1086 2836; x_wconf 86' lang='lat' dir='ltr'><strong>Ort.</strong></span> <span class='ocrx_word' id='word_1_556' title='bbox 1099 2805 1360 2837; x_wconf 56' lang='lat' dir='ltr'><strong>:desistere</strong></span> <span class='ocrx_word' id='word_1_557' title='bbox 1395 2801 1455 2836; x_wconf 73' lang='lat'><strong>1²2.</strong></span> <span class='ocrx_word' id='word_1_558' title='bbox 1468 2803 1706 2838; x_wconf 61' lang='grc' dir='ltr'><strong>,Ὧδεᾶεάί-</strong></span> 
     </span>
    </p>
   </div>
  </div>
 </body>
</html>
