1800 3190
264 221 352 262 VIII
836 217 1126 259 PRAEFATIO.

265 336 478 387 praeventa
493 359 505 382 ‚
545 330 686 371 factum
718 335 804 381 est,
845 335 888 370 ut
915 328 1047 371 multis
1071 327 1177 370 vitiis
1203 327 1255 370 sit
1282 327 1447 384 turpiter
1465 328 1691 385 depravata.

267 405 438 463 Ideoque
468 407 616 463 aliquot
643 404 805 448 Roeleri
834 407 1080 448 coniecturas
1110 405 1288 447 consulto
1317 406 1446 448 omisi.

380 492 444 536 De
458 492 572 536 Ludo
590 493 770 538 Senecae
789 494 1028 537 emendatius
1049 494 1198 536 edendo
1217 507 1324 550 speS,
1347 508 1461 549 quam
1481 493 1696 536 exTheod.

270 570 434 615 Oehleri
451 572 593 615 litteris
619 586 873 629 conceperam
895 572 993 627 (vol.
1013 570 1068 613 II.
1094 572 1218 627 praef.
1247 587 1285 627 p.
1308 569 1509 626 XVIII.),
1539 572 1703 628 decepta

270 650 355 691 fere
385 656 472 701 est,
515 664 602 692 cum
625 651 712 692 cod.
735 649 1057 693 Valentianensis
1072 681 1084 702 ,
1123 663 1238 704 quem
1261 649 1393 705 paucis
1421 656 1513 691 ante
1537 655 1702 691 mortem

268 740 380 769 suam
419 727 619 770 mensibus
655 742 742 769 cum
769 728 938 769 editione
968 727 1180 768 Tauchnit.
1219 726 1511 769 accuratissime
1541 726 1705 769 contulit

270 800 353 846 Th.
381 802 554 858 oehler,
587 806 688 847 alius
709 820 788 847 non
819 806 872 847 sit
893 819 1008 860 quam
1038 805 1125 846 cod.
1149 802 1212 846 St.
1236 804 1406 846 Amandi
1434 804 1541 859 (cod.
1561 802 1700 858 Iunii),

271 881 363 922 olim
388 882 436 923 ab
466 882 590 925 Hadr.
614 882 729 925 Iunio
762 883 834 938 (G.)
866 891 1098 938 usurpatus,
1141 896 1215 924 nec
1244 882 1422 938 suppleat
1451 881 1613 923 lacunas
1637 888 1705 924 aut

273 957 432 1001 Graeca
460 968 642 1017 corrupta
678 961 817 1003 melius
855 959 1062 1016 concipiat.
1124 958 1193 1003 Sic
1223 959 1428 1015 descripsit
1453 959 1596 1001 librum
1622 958 1701 1000 Th.

274 1033 445 1079 Oehler2

387 1108 489 1166 Cod.
505 1125 744 1171 Valentian.
770 1125 828 1168 N.
850 1133 946 1168 5.1.
969 1125 1047 1181 (M.
1065 1128 1185 1179 268.)
1208 1125 1372 1166 membr.
1398 1127 1494 1166 12⁰.
1522 1136 1606 1165 see.
1622 1121 1702 1165 IX.

277 1206 330 1242 16
353 1201 450 1242 linn.
490 1217 576 1244 cum
605 1203 715 1258 larga
740 1217 867 1257 marg.
901 1228 954 1233 ——
983 1203 1084 1244 liber
1109 1201 1338 1243 monasterii
1363 1199 1449 1243 Sct.
1467 1199 1637 1265 Amandi
1662 1200 1713 1249 in,

276 1277 418 1332 pabula
448 1280 594 1320 ordinis
624 1279 703 1320 divi
731 1278 938 1320 Benedicti
967 1280 1066 1333 (sec.
1086 1277 1243 1332 XVIL).

367 1353 399 1388 1.
443 1355 566 1399 Incipit
588 1355 688 1388 Liber
710 1355 807 1388 Marii
829 1356 929 1389 Plotii
950 1356 1005 1400 (de
1027 1355 1168 1399 metris).

444 1422 513 1454 Inc.
538 1424 599 1455 Ars
621 1422 719 1455 Marii
741 1422 845 1455 Servii
870 1421 1085 1455 Grammatici
1107 1421 1149 1454 de
1172 1427 1303 1454 centum
1325 1420 1448 1454 metris.

445 1489 496 1520 De
518 1488 631 1520 metris
655 1500 674 1520 a
695 1489 837 1521 Boethio
861 1489 1036 1533 usurpatis.

445 1553 552 1586 Annei
576 1556 721 1588 Senecae
744 1555 920 1598 proverbia
941 1555 1112 1599 incipiunt.

360 1419 400 1718 &⁹⁹99

446 1620 552 1653 Rome
573 1621 608 1654 in
631 1622 777 1672 Imagine
801 1622 1020 1654 Constantini.

446 1687 486 1719 In
509 1687 669 1720 memoria
692 1687 860 1720 cuiusdam
882 1687 1005 1720 militis.

365 1748 399 1783 9.
445 1751 600 1794 Lugduni
623 1753 659 1784 in
680 1752 839 1785 memoria
861 1753 1078 1795 geminorum.

366 1815 420 1849 10.
443 1818 483 1849 In
505 1818 648 1850 'rumulo
672 1817 846 1850 Cuiusdam
868 1817 1003 1850 Medici.

367 1881 422 1914 11.
446 1884 572 1915 Senece
586 1883 700 1915 Ludus
723 1883 766 1916 de
787 1876 896 1915 morte
920 1882 1057 1915 Claudii.
1103 1883 1188 1922 Quid
1210 1885 1314 1915 actum
1335 1883 1376 1915 sit
1396 1883 1431 1914 in
1451 1883 1534 1915 coelo
1557 1904 1607 1915 ...
1629 1885 1665 1915 ut
1683 1875 1707 1915 ὰ

274 1950 497 1989 cognitionibus
512 1953 598 1983 esset.
630 1951 804 1982 Damnatis
812 1959 974 1990 nunquam
986 1955 1048 1981 etc.
1075 1948 1225 1993 (Reliqua
1236 1955 1271 1980 et
1278 1958 1418 1993 sequeus
1429 1947 1550 1992 pagina
1558 1949 1705 1992 vacant.)

367 2011 422 2047 12.
458 2015 539 2058 (sine
561 2014 674 2058 titulo)
701 2010 776 2049 Dffo
799 2016 886 2059 patri
907 2026 1049 2059 vereque
1073 2014 1162 2047 felici
1185 2021 1219 2047 et
1241 2014 1412 2058 purissima
1434 2013 1624 2047 sinceritate
1644 2025 1703 2048 ve—

275 2079 424 2116 nerando
450 2081 622 2114 Grimaldo
646 2081 819 2125 capellano
843 2081 980 2114 Strabus
1003 2080 1229 2113 Uualalfridus
1255 2087 1319 2113 etc.
1608 2118 1612 2122 ‚

367 2145 420 2180 13.
452 2147 574 2190 Incipit
607 2148 649 2180 de
671 2148 832 2181 aetatibus
855 2147 1069 2181 animantium
1091 2146 1214 2180 Hesiod
1247 2170 1256 2180 .
1276 2172 1283 2180 .
1322 2147 1391 2180 Ter
1411 2145 1508 2180 binos
1531 2146 1642 2180 decies
1661 2165 1707 2173 -

277 2211 320 2246 10
337 2225 368 2246 v.
392 2232 437 2238 —-
459 2213 540 2246 deus
563 2214 686 2246 arbiter
708 2214 792 2247 aevi.

366 2276 421 2312 14.
456 2279 577 2312 Versus
599 2278 644 2313 27
668 2280 710 2312 de
732 2280 849 2313 ventis.

366 2344 419 2378 15.
455 2346 507 2378 Ad
530 2347 635 2378 Boree
658 2352 769 2389 partes
793 2358 842 2389 sq.
870 2345 911 2379 12
935 2359 965 2379 v.

365 2409 418 2443 16.
455 2412 600 2456 Tarpeio
624 2412 790 2455 quondam
815 2412 973 2453 consedit.
997 2411 1019 2443 2
1042 2424 1072 2444 v.

364 2475 418 2510 17.
453 2478 583 2510 Literas
607 2485 658 2510 est
680 2485 806 2521 gestam
828 2478 851 2512 2
873 2491 905 2511 v.

364 2541 418 2575 18.
455 2543 526 2577 Clio
550 2550 643 2586 gesta
667 2556 785 2577 canens
811 2544 851 2577 11
878 2557 908 2577 ν.

382 2608 470 2650 Hoc
492 2611 734 2652 emendatior
757 2619 839 2663 est,
871 2610 1110 2666 potissimum
1139 2610 1179 2650 in
1200 2608 1392 2660 Graecis,
1424 2609 1512 2650 cod.
1539 2606 1705 2660 Sangal-

268 2684 390 2726 lensis
413 2684 481 2739 (S)
511 2701 593 2728 sec.
618 2687 677 2729 X.
710 2688 783 2742 (N.
806 2690 926 2741 569.)
958 2688 1121 2729 collatus
1159 2701 1246 2728 cum
1276 2687 1307 2729 2
1337 2685 1384 2726 ab
1418 2684 1453 2725 1.
1479 2682 1530 2725 C.
1554 2682 1706 2725 Orellio

270 2760 364 2816 (Ep.
389 2762 525 2804 critica
555 2765 603 2805 ad
624 2764 659 2806 I.
683 2764 738 2807 N.
758 2765 1000 2819 Madvigium
1028 2780 1069 2806 v.
1093 2779 1128 2806 c.
1155 2778 1194 2819 p.
1216 2760 1331 2804 XLI.
1352 2774 1439 2816 sqq.
1470 2759 1532 2802 M.
1557 2759 1612 2802 Τ.
1635 2757 1703 2801 Ci-
