1812 3184
249 207 332 250 700
699 207 743 246 L.
762 206 969 249 ιΑΝΝΑΕΙ
1000 210 1228 256 SENECAE

246 319 344 361 coeli
376 326 540 361 tractum
570 325 808 375 occuparent
834 319 926 374 igne
957 321 1171 364 continuo?
1229 322 1347 367 XVI.
1386 323 1537 369 Contra
1564 341 1681 384 arga-

244 394 415 429 mentum
449 387 591 428 dictum
626 393 710 438 est,
752 392 888 428 contra
919 393 1042 429 testes
1073 389 1275 432 dicendum
1306 398 1382 434 est.
1441 407 1515 436 nec
1541 399 1682 455 magna

243 454 443 496 molitione
464 453 702 495 detrahenda
724 460 784 495 est
801 454 1014 496 auctoritas
1025 454 1208 512 Ephoro:
1239 458 1448 501 historicus
1466 467 1542 503 est.
1580 456 1681 518 ,Qui-

244 523 330 563 dam
369 521 648 563 incredibilium
689 521 816 562 relatu
854 523 1229 576 commendationem
1258 533 1397 582 parant
1425 534 1466 568 et
1493 527 1680 572 tectorem

243 590 344 631 aliud
367 596 575 641 acturum,
618 588 652 629 si
679 602 749 643 per
774 588 968 630 cotidiana
998 590 1234 644 duceretur,
1272 593 1460 645 miraculo
1487 588 1677 640 excitant.

242 658 394 713 quidam
430 656 602 707 creduli,
643 655 794 710 quidam
819 656 1074 711 neglegentes
1100 666 1206 700 sunt.
1266 660 1494 715 quibusdam
1523 658 1680 704 menda·

243 720 352 771 ciums
368 724 541 779 obrepit,
584 722 809 778 quibusdam
830 723 977 778 placet:
1020 725 1075 766 illi
1098 740 1176 767 non
1200 727 1371 780 cultant,
1415 728 1453 771 hi
1475 723 1676 785 adpetunt.

207 802 225 830 2
243 791 354 833 Haec
374 791 415 832 in
436 803 641 832 commune
664 790 710 830 de
735 796 815 831 tota
837 791 994 833 natione
1021 806 1119 846 quae
1145 794 1350 849 adprobari
1379 809 1476 850 opus
1504 791 1616 838 suum
1639 804 1680 838 ct

241 859 324 900 fieri
352 858 537 914 populare
560 871 639 898 non
660 864 770 912 putet
790 871 931 911 posse,
972 859 1047 900 nisi
1071 859 1162 900 illud
1185 861 1388 903 mendacio
1413 856 1673 918 adsperserit:

239 924 422 982 Ephorus
440 939 535 966 uero
557 938 634 966 non
655 930 716 964 est
735 924 1052 978 religiosissimae
1073 926 1184 967 fidei:
1216 941 1334 983 saepe
1355 929 1559 984 decipitur,
1589 943 1678 971 sae·

238 1006 287 1048 pe
311 992 468 1047 decipit.
531 990 642 1032 Sicut
663 991 724 1030 hic
747 997 925 1031 cometen
947 992 1012 1045 qui
1032 992 1202 1033 omnium
1224 994 1445 1035 mortalium
1467 996 1592 1037 oculis
1612 1010 1678 1038 cu·

239 1059 405 1101 stoditus
427 1064 489 1099 est
503 1089 514 1108 ,
555 1057 643 1112 quia
666 1056 837 1111 ingentis
860 1057 918 1098 rei
946 1058 1066 1099 traxit
1089 1066 1270 1100 euentum
1285 1091 1297 1112 ,
1340 1075 1427 1102 cum
1450 1061 1616 1104 Helicen
1637 1069 1678 1105 et

238 1125 362 1167 Burin
397 1131 589 1166 ortu-suo
625 1123 831 1175 merserit,
875 1123 931 1165 ait
951 1125 1057 1166 illum
1083 1126 1312 1168 discessisse
1341 1127 1383 1168 in
1413 1129 1508 1170 duas
1541 1130 1676 1173 stellas

203 1209 220 1234 ³
239 1194 339 1249 quod
364 1199 521 1248 praeter
544 1191 648 1232 illum
675 1204 790 1232 nemo
817 1191 988 1232 tradidit.
1050 1191 1150 1247 Quis
1175 1193 1276 1235 enim
1303 1202 1435 1250 posset
1463 1190 1676 1239 obseruare

236 1261 328 1302 illud
352 1266 589 1301 momentum
613 1272 689 1313 quo
713 1264 886 1299 cometes
916 1259 1066 1300 solutus
1090 1267 1129 1301 et
1150 1260 1190 1301 in
1213 1261 1307 1303 duas
1333 1269 1462 1317 partes
1492 1263 1675 1306 redactus

238 1329 325 1370 est?
381 1325 590 1381 Quomodo
613 1332 740 1366 autem
756 1355 767 1376 ,
809 1324 844 1365 si
866 1332 927 1366 est
947 1326 1010 1380 qui
1035 1326 1177 1368 uiderit
1196 1335 1374 1370 cometen
1396 1329 1437 1370 in
1458 1330 1554 1371 duas
1583 1330 1675 1372 diri-

236 1395 314 1446 mi,
358 1408 473 1435 nemo
498 1393 594 1434 uidit
615 1391 698 1432 fieri
723 1405 776 1432 ex
798 1391 970 1434 duabus?
1029 1391 1162 1446 Quare
1194 1402 1323 1436 autem
1354 1410 1434 1437 non
1461 1396 1604 1438 adiecit
1631 1397 1673 1439 in

238 1476 334 1517 quas
361 1461 494 1502 stellas
525 1459 673 1499 diuisus
703 1459 775 1508 sit,
821 1472 906 1499 cum
931 1459 1058 1513 aliqua
1083 1474 1135 1501 ex
1157 1461 1325 1516 quinque
1347 1462 1470 1503 stellis
1492 1476 1583 1504 esso
1605 1464 1672 1509 de-

235 1529 388 1570 buerit?
443 1524 585 1568 XVss.
617 1524 852 1580 Apollonius
879 1523 1068 1581 Myndius
1098 1527 1137 1567 in
1169 1528 1325 1569 diuersa
1363 1529 1546 1585 opinione
1582 1537 1668 1573 cst:

236 1596 291 1638 ait
309 1595 411 1637 enim
433 1600 611 1635 cometen
634 1606 712 1633 non
732 1605 849 1632 unum
869 1605 923 1633 ex
944 1593 1075 1635 multis
1097 1595 1275 1636 erraticis
1296 1595 1408 1649 effici,
1440 1597 1510 1639 sed
1532 1598 1673 1640 multos

280 1708 307 1739 B
328 1726 373 1732 —-
393 1708 468 1739 coeli
489 1711 565 1738 aute
589 1707 731 1738 tractum.
778 1705 804 1735 B
819 1718 864 1732 =
882 1714 933 1737 oc-
975 1708 1225 1747 retiyiosissimae
1259 1707 1378 1748 fideli.
1424 1706 1526 1741 GP4.
1543 1708 1613 1741 Col.
1633 1711 1667 1746 Β

235 1762 334 1794 eupar
343 1755 380 1785 et.

487 1796 565 1838 Cap.
587 1796 681 1828 XVI.

280 1842 375 1877 ssGffi
388 1855 433 1868 =
450 1842 567 1874 Contra
590 1843 790 1881 ar9umenta
813 1840 931 1872 dictum

236 1891 288 1921 est.
335 1888 368 1922 Q
385 1900 432 1914 =
452 1890 558 1919 contra
592 1889 680 1917 testes
712 1885 931 1916 discendum

235 1936 288 1965 est.
335 1932 360 1963 B
377 1946 420 1959 =
434 1933 603 1963 auctoritas
626 1931 777 1970 Efforu
789 1938 815 1960 s.
863 1928 928 1964 GQ

235 2001 245 2012 .
261 2002 269 2012 .
282 2000 293 2012 ,
316 1978 349 2012 ᾧ
371 1991 417 2004 =
437 1978 607 2008 auctoritas
641 1975 788 2014 Ephori.
834 1972 928 2005 Anio.

234 2023 358 2055 Trono.
374 2026 407 2060 -l—
423 2032 441 2061 q
453 2023 494 2052 ui
522 2021 684 2052 historicus
707 2021 761 2050 est.
808 2019 833 2050 B
844 2032 890 2046 =
902 2021 929 2050 et

234 2069 373 2099 lectorem
397 2067 450 2097 ad
476 2066 565 2096 aliud
597 2065 790 2095 illectum
824 2065 851 2095 si
872 2072 930 2103 per

232 2112 393 2142 cotidiana
415 2112 460 2141 du
470 2119 486 2140 c
496 2119 515 2139 a
525 2112 585 2139 tur.
632 2107 661 2138 G
675 2108 788 2147 (mm)
799 2109 830 2142 >3
843 2122 888 2135 =
900 2111 928 2138 et

233 2157 373 2186 lectorem
390 2164 416 2194 *a
439 2162 479 2184 se
502 2156 644 2183 acturum
671 2152 716 2192 (Q
736 2165 780 2177 =
801 2161 846 2182 su
853 2161 875 2190 p
887 2160 927 2183 er

231 2199 417 2239 quotidiana
448 2194 634 2235 duceretur).
680 2195 704 2225 B
726 2209 773 2222 =
794 2196 844 2226 Illi
864 2205 926 2227 non

232 2245 347 2276 evitant
371 2243 451 2275 alii
474 2242 631 2280 appetunt.

278 2286 310 2319 2.
345 2289 459 2319 Haec
490 2287 522 2316 in
547 2293 706 2316 commune
731 2284 769 2316 de
797 2286 862 2315 tota
879 2286 926 2312 .·'--·

233 2333 273 2364 E.
344 2331 395 2363 Ge
407 2329 464 2362 P3.
477 2329 548 2361 Col.
561 2329 595 2363 ’ΞΒ
616 2342 660 2356 =
684 2330 765 2360 Hoc
787 2330 821 2360 in
842 2337 926 2360 com-

232 2385 324 2409 mune
347 2378 385 2408 de
407 2379 482 2408 tota.
525 2370 584 2405 P4.
598 2388 641 2401 =
654 2375 687 2404 in
709 2382 868 2405 commune
889 2374 927 2405 de

232 2425 296 2454 tota
320 2431 385 2452 om.
418 2421 514 2452 Haec.
571 2419 594 2449 Β
607 2418 671 2453 (ξῙ.
684 2440 695 2451 .
710 2440 720 2452 .
734 2440 744 2452 .
756 2417 789 2452 R
811 2430 858 2445 =
876 2419 925 2450 Et

231 2468 304 2499 hoc
327 2467 360 2497 in
382 2472 542 2497 commune
564 2464 602 2495 de
624 2466 699 2494 tota.

276 2520 356 2551 quae
377 2509 564 2550 adprobari
587 2517 664 2548 opus
685 2505 923 2539 suum=Brit.

232 2557 304 2590 (8)ϊο
313 2577 353 2589 ...
364 2555 416 2589 a,
470 2554 496 2584 B
507 2567 553 2580 =
565 2554 603 2584 de
621 2555 685 2583 tota
698 2553 822 2584 natione
836 2561 854 2591 q
865 2560 924 2583 ue-

229 2609 300 2632 ror
322 2599 494 2640 adprobari
515 2607 593 2638 opus
614 2605 716 2628 suum.
761 2596 821 2627 EG
835 2597 868 2630 §.B
883 2617 923 2631 0..

232 2643 435 2684 24.=quae
457 2644 656 2682 approbare
678 2649 756 2680 opus
778 2650 882 2672 suum.

276 2690 439 2720 mendacio
462 2687 682 2726 adsperserit
701 2698 748 2712 ==
771 2686 827 2716 Ee.
896 2685 922 2716 B

233 2732 298 2767 Gffi
309 2755 320 2766 .
332 2755 342 2766 .
354 2755 365 2767 .
379 2733 412 2766 ,ἢ
421 2746 467 2760 =
476 2733 538 2764 nisi
558 2731 720 2762 mendacio
743 2730 892 2769 adspersi
903 2732 923 2761 t.

275 2786 337 2809 non
367 2780 428 2808 est
459 2776 707 2815 religiosissimae
738 2775 812 2815 fidei
830 2787 876 2801 =
901 2775 923 2804 Β

232 2821 290 2853 Ee.
360 2820 457 2856 Gen.
471 2843 481 2855 .
498 2843 507 2854 .
522 2819 577 2854 „ae
590 2836 627 2843 -
641 2821 693 2851 est.
738 2820 772 2853 §B
792 2821 839 2847 ‘===
861 2828 923 2851 non

979 1751 1081 1790 (313—
1097 1753 1184 1784 Sicut
1195 1753 1245 1784 hic
1265 1753 1372 1786 dicit
1393 1757 1527 1787 cometen
1544 1754 1591 1798 (G
1601 1753 1665 1790 etl.

976 1795 1010 1831 2.
1021 1811 1065 1824 =
1074 1800 1192 1829 comete
1201 1797 1258 1840 m).
1305 1796 1339 1837 G
1347 1798 1446 1834 Qssl.
1458 1812 1506 1828 ==
1523 1809 1544 1840 q
1553 1801 1595 1831 ui
1616 1801 1665 1832 in-

973 1844 1082 1882 yemis.

1018 1888 1115 1918 traxit
1135 1890 1221 1918 event
1229 1896 1250 1918 α
1260 1896 1292 1919 m
1301 1901 1347 1915 =
1359 1888 1433 1920 BEe
1447 1887 1505 1921 1’3.
1516 1888 1586 1924 3132.

977 1930 1007 1962 G
1019 1928 1077 1964 Pii.
1092 1930 1163 1963 Col.
1177 1932 1209 1965 §B
1231 1945 1277 1959 =
1295 1934 1426 1973 ingentis
1447 1934 1610 1966 retraxit
1631 1943 1662 1966 e-

971 1979 1107 2008 ventum.
1154 1976 1216 2010 (ξι.
1234 1991 1279 2004 =
1301 1978 1433 2018 inyentis
1454 1980 1551 2010 traxit
1573 1987 1662 2010 even-

972 2023 1039 2051 tus
1063 2030 1128 2052 om.
1149 2021 1204 2051 rei.
1251 2021 1314 2056 (ξῖ.
1327 2021 1662 2058 ...9231.ffiu.ff=in-

971 2066 1070 2104 gentis
1090 2066 1136 2096 rei
1158 2067 1257 2098 traxit
1278 2070 1426 2099 eventus.

1017 2112 1085 2140 ortu
1107 2118 1163 2140 suo
1185 2120 1316 2143 merser
1326 2113 1354 2143 it
1367 2126 1410 2139 =
1422 2111 1528 2143 BEeG
1541 2113 1611 2147 (5ϊο
1623 2134 1662 2147 ..0

972 2152 1019 2186 St·
1089 2154 1123 2187 Q
1134 2174 1172 2187 υ.
1185 2151 1242 2189 24.
1255 2169 1300 2182 =
1313 2159 1381 2187 orla
1398 2166 1454 2188 suo
1469 2159 1604 2188 mersit.
1631 2157 1660 2188 G

973 2195 1076 2229 Gnas
1092 2198 1506 2232 ...(5=aescenaisse
1527 2202 1560 2233 in
1579 2201 1661 2233 duas

969 2242 1083 2271 stellas.
1130 2240 1183 2271 BE
1202 2243 1304 2284 Bong.
1325 2253 1366 2273 ex
1387 2242 1456 2274 Cui.
1474 2256 1524 2275 ω.

1014 2283 1048 2316 3.
1075 2284 1309 2319 R=cometes
1329 2288 1363 2319 in
1384 2288 1466 2319 duas
1487 2289 1603 2320 div-imi.
1628 2289 1660 2322 G

971 2327 1035 2363 (51.
1056 2343 1102 2356 =
1119 2334 1283 2362 cometem
1312 2333 1346 2363 in
1368 2332 1451 2364 duas
1470 2333 1588 2365 dirimi.
1634 2334 1659 2365 Β

968 2386 1015 2400 =
1032 2382 1070 2405 ex
1093 2374 1216 2406 duabus
1238 2377 1317 2416 fieri.
1362 2376 1579 2416 Ee=0uare
1600 2387 1660 2410 au-

970 2421 1029 2450 tem
1051 2428 1113 2450 non
1136 2420 1248 2452 aient
1270 2421 1304 2452 in
1322 2430 1405 2462 ¹qutzs
1426 2423 1541 2455 stellas.

1210 2497 1290 2540 Cap.
1313 2497 1421 2531 XVII.

1014 2551 1039 2582 B
1052 2565 1098 2579 =
1109 2553 1289 2591 Apollonius
1310 2562 1342 2585 m
1351 2563 1366 2586 e
1377 2555 1420 2586 di
1430 2565 1446 2587 c
1456 2564 1511 2588 us.
1557 2555 1604 2588 Ee
1613 2571 1659 2585 =

967 2597 1147 2635 Apollonius
1176 2599 1247 2630 Mit
1258 2599 1360 2630 idias.
1409 2599 1438 2631 G
1451 2599 1514 2634 (21.
1535 2614 1582 2628 =
1599 2603 1657 2642 Ap.

967 2641 1002 2672 M
1012 2642 1022 2671 ἰ
1031 2651 1052 2672 η
1061 2642 1143 2672 dius.
1187 2639 1245 2674 1³4.
1261 2641 1332 2674 Col.
1344 2656 1390 2671 =
1399 2645 1458 2684 Ap.
1473 2645 1508 2676 M
1514 2654 1536 2675 u
1545 2655 1566 2677 η
1574 2646 1656 2678 dias.

967 2682 1027 2716 1³3.
1040 2682 1074 2716 4.
1085 2699 1131 2712 =
1141 2687 1200 2726 Ap.
1221 2689 1415 2720 meridius.
1462 2690 1486 2720 B
1496 2703 1542 2718 ιι.-
1552 2690 1585 2721 in
1607 2692 1656 2722 di-

967 2737 987 2760 v
996 2731 1008 2760 i
1017 2740 1038 2761 n
1049 2739 1070 2761 a
1091 2731 1234 2770 opinione
1254 2735 1307 2763 est.
1341 2733 1367 2764 Β
1378 2747 1422 2760 =
1431 2734 1483 2765 Ait
1504 2735 1586 2766 enim
1603 2739 1656 2766 'co-

966 2777 1066 2806 meten
1087 2784 1149 2806 non
1171 2785 1269 2807 unum
1289 2785 1328 2808 ex
1350 2778 1537 2810 diversis
1568 2787 1655 2811 erra-

967 2820 1035 2850 ticis
1056 2820 1167 2859 sieri.
1191 2820 1275 2851 G=
1285 2824 1402 2855 comete
1412 2831 1445 2854 m
1465 2832 1528 2856 non
1546 2832 1654 2865 ,unum
