1800 3190
720 177 1014 220 PRAEFATIO.
1539 179 1591 218 lX

141 289 299 333 ceronis
337 287 487 333 Orator
514 296 592 333 etc.
641 289 745 332 Tur.
780 291 935 344 1850).
996 287 1166 331 Praeter
1196 289 1284 331 libri
1317 287 1591 345 Sangallensis

140 368 357 425 scripturas
384 369 548 412 multum
580 382 643 411 me
680 368 829 421 adiuvit
861 367 938 412 viri
975 367 1193 410 doctissimi
1222 368 1270 410 de
1299 366 1464 423 singulis
1493 367 1591 409 locis

140 447 353 490 sententia.

252 534 356 580 cod.
377 535 711 592 Guelferbytanus
730 533 806 590 (G)
833 533 1072 591 [Extravag.
1093 537 1212 589 299]
1237 535 1402 578 membr.
1423 541 1466 577 4.
1489 535 1586 576 min.

140 627 224 657 800.
244 613 346 658 XV.
372 613 456 656 foll.
479 619 551 655 92.
570 613 648 655 col.
673 611 709 655 Ῑ.
733 613 832 656 linn.
855 619 919 656 17.
979 619 1097 652 Insunt
1132 616 1165 662 1)
1191 620 1340 652 Senecae
1367 618 1483 651 Ludus
1510 618 1587 663 (fol.

138 689 298 737 2—16.)
331 691 368 737 2)
391 691 538 726 Petronii
559 691 748 737 Satyricon.
781 691 819 736 3)
844 692 952 725 Leon.
977 690 1135 724 Aretinus
1155 690 1191 722 in
1211 690 1435 723 oeconomica
1455 690 1590 724 Aristo-

137 757 226 794 telis.
276 755 313 805 4)
336 759 548 804 Heliogabali
584 759 693 793 oratio
716 759 761 793 ad
781 758 986 792 meretrices.
1036 757 1151 791 Codex
1173 756 1306 790 videtur
1327 757 1362 790 in
1384 757 1482 791 Italia
1502 757 1590 791 scri-

136 830 216 871 ptun
236 837 311 876 eene
324 832 404 872 post
421 826 593 861 inventam
615 833 722 860 artem
743 825 1034 872 typographicam.
1061 824 1152 870 <Fuit
1168 823 1347 869 aliquando
1359 824 1503 858 Parisios
1524 824 1589 858 de-

137 891 251 938 latus.)
306 893 374 928 Hic
406 893 482 928 cod.
514 899 553 927 ut
584 893 775 937 recentior,
808 893 857 928 ita
888 892 995 927 multo
1027 891 1176 926 deterior
1208 898 1259 925 est
1281 892 1533 927 Valentiauensi
1555 898 1590 925 et

75 950 82 959 ⁷
134 955 353 1017 sangallensi.

247 1037 418 1082 Praeter
434 1037 539 1082 Iunii
558 1040 734 1083 codicem
754 1039 831 1082 iam
852 1046 1111 1082 memoratum
1130 1039 1222 1081 olim
1240 1038 1372 1081 collati
1389 1044 1482 1080 sunt
1496 1037 1586 1080 eod.

135 1115 543 1173 Weissenburgensis
578 1119 695 1173 (cod.
722 1118 886 1173 Rhen.)
917 1133 941 1160 a
963 1116 1092 1160 Beato
1115 1117 1310 1159 Rhenauo
1338 1117 1447 1172 ((51.
1467 1118 1529 1171 2.)
1547 1116 1588 1171 *)

136 1199 178 1235 et
197 1193 286 1253 cod.
304 1191 492 1236 Curionis
514 1195 589 1249 ((S)
611 1196 748 1237 nescio
769 1197 872 1251 quis,
904 1210 1070 1251 quorum
1094 1196 1156 1237 hic
1173 1203 1282 1238 certe
1304 1194 1464 1238 Graeca
1487 1210 1588 1237 non-

134 1277 327 1327 nusquam
349 1262 526 1328 praestat
539 1272 670 1314 minus
690 1280 891 1329 corrupta,
923 1272 958 1314 si
983 1272 1080 1314 fides
1099 1272 1236 1313 haberi
1254 1279 1386 1328 potest
1401 1271 1587 1315 Curioni.

136 1346 335 1406 Gruterus
354 1347 460 1392 Ludi
482 1356 606 1392 mstos
630 1365 710 1392 non
730 1351 890 1393 habuit:
925 1365 1015 1392 nam
1034 1364 1089 1392 ex
1112 1347 1203 1392 Col.
1230 1350 1293 1392 hic
1315 1350 1470 1392 libellus
1501 1358 1589 1393 erat

133 1412 345 1481 exsectus,
386 1413 432 1470 in
459 1428 622 1484 reliquis
657 1443 738 1471 non
767 1431 912 1472 fuerat.
975 1427 1204 1472 Gronovius
1242 1429 1303 1471 bis
1332 1428 1466 1471 laudat
1494 1429 1583 1471 cod.

132 1505 457 1560 Harlemensem,
488 1505 650 1564 Lipsius
681 1507 801 1564 (Epp.
829 1506 904 1566 Q.)
935 1507 1142 1563 aliquoties
1172 1519 1302 1550 suum.

247 1594 295 1639 In
316 1595 532 1653 Ruhkoplii
560 1610 674 1640 usum
698 1596 960 1650 Bredowius,
993 1597 1085 1639 olim
1106 1595 1220 1639 Prof.
1246 1596 1418 1640 Helmst.
1434 1628 1446 1650 ,
1479 1598 1586 1640 codi-

133 1687 203 1717 ces
228 1672 436 1717 Parisinus
463 1675 538 1716 hos
569 1676 813 1717 contulerat:

222 1762 256 1786 α.
295 1751 386 1796 (mse.
408 1751 449 1784 L.
474 1763 509 1784 n.
531 1749 648 1796 6630.)
674 1752 813 1785 membr.
838 1763 904 1785 sec.
928 1752 1024 1786 XIII.

224 1819 258 1863 β.
293 1818 385 1855 (mss.
403 1817 445 1851 L.
467 1828 502 1850 n.
523 1815 638 1862 8717.)
671 1819 810 1853 membr.
843 1830 911 1852 sec.
943 1819 1038 1853 XIV.
1096 1820 1208 1862 „Fuit
1236 1822 1303 1854 lac.
1332 1823 1420 1865 Aug.
1440 1822 1584 1865 Thmui,

131 1889 251 1929 postea
282 1883 451 1927 Colberti‚
487 1896 562 1918 cum
595 1885 796 1930 epigraphe:
832 1885 941 1918 Annei
969 1885 1066 1919 Lucii
1090 1888 1217 1920 Senece
1240 1887 1284 1920 de
1306 1894 1414 1921 morte
1441 1889 1584 1930 Claudii,

131 1951 190 1997 qui
218 1950 340 1985 dicitur
368 1951 466 1984 ludus
498 1954 664 1995 Senecae,
702 1952 787 1985 liber
809 1952 938 1996 incipit.
986 1953 1143 1998 Sequitur
1172 1954 1387 1999 Epigramma
1419 1956 1584 1990 Martialis

131 2019 174 2061 V,
186 2015 251 2056 42.
268 2018 383 2052 nescio
406 2030 508 2063 quare
530 2019 745 2064 adscriptum.
781 2019 921 2052 Bredow
945 2020 1042 2055 amic.
1067 2021 1215 2054 monuit:
1249 2046 1271 2063 ‚,
1284 2024 1450 2064 „Omnem
1472 2023 1585 2057 varie-

130 2090 236 2118 tatem
256 2085 353 2118 huius
374 2097 455 2119 auro
479 2092 515 2119 et
548 2086 714 2119 coloribus
748 2086 951 2120 ornatissimi
976 2087 1101 2121 codicis
1136 2100 1315 2133 excerpere
1337 2090 1474 2134 gravior
1496 2097 1585 2124 esset

130 2152 237 2193 labor,
262 2163 361 2198 quam
383 2153 509 2198 Augiae
531 2153 698 2187 stabulum
720 2165 872 2199 purgare.
920 2155 1091 2189 Nonnulla
1112 2156 1265 2197 tansum,
1289 2168 1374 2202 quae
1396 2164 1584 2191 memoratu

131 2219 234 2264 digna
267 2231 339 2254 esse
371 2220 548 2263 videntur,
586 2221 783 2255 adscribam.
831 2222 953 2256 Versus
974 2221 1050 2267 illi„
1081 2223 1117 2256 ni
1140 2223 1259 2266 fallor,
1296 2224 1461 2259 Martialis
1483 2231 1580 2258 sunt:

131 2286 345 2330 non‘video,
369 2287 450 2332 quid
473 2288 540 2321 hoc
562 2288 640 2321 loco
663 2289 727 2322 sibi
750 2289 891 2323 velint.“
907 2291 930 2310 “

221 2367 252 2388 c.
287 2355 334 2399 (n.
359 2352 474 2399 1936.)
498 2355 639 2388 membr.
664 2355 745 2389 olim
768 2356 870 2389 Ducis
894 2356 938 2389 de
964 2357 1135 2400 Bethune,
1159 2369 1225 2392 sec.
1245 2360 1341 2395 XIV.

219 2421 254 2456 d.
291 2422 338 2467 (n.
361 2419 477 2466 6389.)
501 2423 641 2456 membr.
663 2435 730 2457 sec.
752 2424 847 2458 XIV.

219 2499 249 2522 e.
287 2489 335 2534 (n.
358 2488 473 2532 5055.)
500 2489 626 2531 chart.‚
652 2490 733 2523 olim
760 2491 931 2532 Colberti,
955 2502 1022 2525 sec.
1046 2493 1142 2527 XIV.
1167 2499 1225 2526 aut
1248 2494 1293 2527 in.
1316 2495 1395 2529 XV.

221 2554 248 2586 f.
286 2555 334 2598 (n.
357 2553 474 2600 6395.)
499 2557 639 2590 membr.
665 2558 785 2591 eodem
807 2564 960 2603 tempore
982 2559 1137 2604 scriptus.

196 2663 222 2696 ’)
240 2662 414 2691 Editio-aem
431 2664 528 2700 ipsius
546 2665 689 2694 Rhenani
713 2667 828 2702 (Basil.
848 2669 945 2702 1515.)
974 2677 1034 2697 non
1054 2669 1186 2697 contuli:
1222 2669 1276 2698 sed
1293 2670 1428 2708 repetita.
1444 2673 1494 2700 est
1511 2677 1580 2709 post

129 2725 245 2754 pauco·
262 2726 382 2747 menses
400 2719 433 2748 lu
450 2721 503 2750 m,
540 2721 604 2749 Nec
624 2722 752 2758 contigit
768 2723 844 2751 mihi
861 2726 1004 2754 excutere
1029 2724 1195 2755 editionem
1212 2726 1290 2755 Ludi
1307 2726 1495 2766 pfincipem:
1519 2729 1581 2757 Lu·

130 2772 173 2803 cil
188 2773 304 2804 Anam
320 2774 459 2806 Senecae
476 2775 508 2806 in
526 2780 623 2807 morte
642 2777 766 2807 claudii
785 2779 932 2808 caesarie
949 2779 1041 2810 ludu·
1058 2789 1155 2819 nuper
1172 2785 1322 2820 repertus.
1354 2784 1383 2814 4.
1399 2792 1424 2815 a.
1443 2784 1463 2814 Ι.
1484 2787 1517 2815 et
1534 2793 1562 2815 a.
