1812 3184
459 730 538 771 AD
583 729 859 770 RELUIAM
898 729 1149 770 MATREM

216 831 342 880 DE
425 829 1394 879 CONSVOLATIONE.

194 1023 230 1068 1.
292 1023 424 1082 Saepe
441 1024 543 1077 iam,
575 1031 703 1067 mater
719 1008 886 1082 optima,
918 1024 1092 1080 inpetum
1114 1023 1200 1079 cepi
1222 1023 1451 1065 consolandi
1470 1032 1526 1076 te,

81 1107 200 1150 saepe
223 1092 414 1135 continui.

474 1091 530 1135 Ut
551 1093 735 1135 auderem
759 1093 878 1134 multa
903 1106 966 1134 me
991 1091 1254 1148 inpellebaut:
1288 1092 1452 1147 primum
1472 1093 1531 1134 ui-

82 1161 204 1203 debar
218 1160 468 1218 depositurus
489 1161 617 1202 omnia
637 1161 899 1213 incommoda,
918 1174 1004 1201 cum
1025 1159 1207 1200 lacrimas
1229 1166 1332 1212 tuas,
1355 1160 1472 1201 etiam
1496 1160 1532 1203 si

80 1229 324 1286 supprimere
349 1242 427 1270 uon
448 1228 689 1285 potuissem,
730 1228 886 1270 iuterim
914 1234 1021 1269 certe
1045 1226 1337 1270 abstersissem.
1389 1228 1531 1273 deinde

79 1296 166 1352 plus
186 1295 406 1338 habiturum
424 1309 487 1337 me
513 1295 759 1341 auctoritatis
780 1309 858 1336 non
883 1295 1103 1336 dubitabam
1130 1295 1178 1335 ad
1201 1295 1450 1337 excitandam
1472 1303 1528 1349 te,

81 1363 116 1406 si
136 1362 245 1421 prior
265 1363 350 1420 ipse
373 1363 733 1417 consurrexissem.
776 1369 981 1419 praeterea
1000 1361 1200 1414 timebam,
1233 1375 1283 1403 ne
1307 1376 1330 1403 a
1347 1377 1409 1403 me
1430 1364 1534 1404 uicta

81 1432 240 1474 fortuna
250 1429 417 1487 aliquem
433 1445 610 1473 meorum
626 1428 820 1472 uinceret.
851 1429 991 1485 Itaque
1008 1436 1213 1484 utcumque
1226 1429 1399 1471 conabar
1413 1445 1530 1472 manu
1548 1441 1565 1470 2

81 1489 200 1556 supter
219 1499 370 1556 plagam
390 1513 519 1542 meam
535 1490 707 1556 inposita
721 1499 770 1541 ad
785 1498 993 1554 obliganda
1008 1497 1173 1539 uolnera
1197 1504 1332 1539 uestra
1352 1505 1526 1555 reptare.

129 1626 160 1657 A
171 1625 339 1664 =1ncipit
357 1624 402 1656 ad
423 1624 574 1656 belbiam
590 1627 723 1656 matrem
742 1625 787 1656 De

87 1671 295 1703 consolatione
317 1674 352 1700 et
374 1667 409 1700 in
434 1668 547 1701 fronte
567 1668 708 1712 paginae
729 1680 787 1700 se·-

87 1714 219 1759 quentis
258 1715 308 1746 Ad
342 1715 542 1746 Lesbiam
581 1718 715 1746 matrem
749 1715 787 1745 de

85 1761 303 1793 consolatione.
348 1759 377 1791 D
390 1773 437 1786 =
448 1759 539 1791 Lucii
563 1769 583 1790 a
593 1770 614 1791 n
625 1761 661 1790 ei
684 1768 788 1791 senece

87 1806 370 1838 cordubensis
391 1805 431 1836 de
447 1806 653 1836 consolatione
667 1805 711 1835 ad
735 1805 787 1835 el-

87 1852 199 1884 biam
229 1853 364 1882 matrem
396 1851 504 1881 liber
536 1850 647 1889 incipit
677 1847 787 1892 (nAlia

86 1906 187 1928 manu
206 1892 263 1927 hic
283 1893 370 1926 liber
390 1899 542 1926 exaratus
571 1893 636 1925 fuit
667 1905 707 1926 ac
728 1900 787 1925 to·-

87 1946 142 1973 tus
166 1939 274 1973 codex
300 1939 331 1971 D
343 1964 352 1979 ,
391 1938 443 1972 cui
476 1938 626 1971 adiectus
658 1938 723 1970 fuit
751 1938 786 1970 in

88 1984 244 2027 αἰανῆ.
291 1984 501 2025 G=1ncipit
524 1986 555 2016 l’.
576 1986 715 2016 eiusdem
743 1985 788 2015 ad

87 2031 163 2064 helb
174 2033 240 2063 iam
261 2033 394 2063 matrem
408 2031 447 2062 de
460 2031 676 2062 consolatione.
704 2028 787 2060 Cod.

88 2075 243 2108 Durantii
266 2076 375 2118 (Varr.
398 2076 425 2113 1,
451 2072 521 2115 17.)
542 2087 588 2102 =
607 2075 644 2106 L.
668 2075 789 2107 Annaei

89 2123 225 2154 Senecae
256 2122 287 2153 li
297 2122 367 2153 ber
397 2121 441 2152 ad
465 2121 624 2152 Helbiam
655 2123 789 2152 matrem

89 2175 207 2198 suam
225 2167 264 2198 de
277 2167 484 2198 consolatione
507 2165 601 2205 filii
624 2167 701 2197 sui.
725 2163 786 2197 P3.

89 2213 260 2251 =Ineipit
283 2213 393 2243 liber
417 2211 510 2250 Lucii
531 2212 630 2242 Annei
653 2211 793 2253 Senecae„

89 2258 128 2289 de
161 2258 367 2289 consolatione
406 2256 424 2296 f
429 2257 440 2287 i
450 2257 461 2287 l
471 2257 504 2287 ii
547 2257 592 2287 ad
629 2257 685 2287 Hel
696 2257 789 2287 biam

88 2305 223 2334 matrem
244 2310 369 2334 suam.
403 2299 513 2332 Etiam
526 2301 618 2343 Bong
642 2300 700 2332 P4.
715 2299 787 2332 Col.

91 2345 198 2380 omnis
220 2346 344 2390 scripta
365 2345 467 2378 lectio
490 2345 570 2378 Pinc
594 2347 696 2378 =ad
720 2347 791 2377 Hel-

90 2394 195 2424 biam.
241 2390 300 2424 P2.
317 2392 419 2423 =ad
443 2392 636 2423 Albinam
659 2394 793 2423 matrem

91 2446 167 2469 aua
177 2447 220 2469 m.
268 2436 356 2469 Cod.
371 2436 463 2479 Lips.
483 2450 530 2463 =
550 2438 710 2468 Hebiam.
758 2436 791 2469 ‘Ji

91 2504 102 2516 .
116 2483 198 2516 ..¹ss
220 2495 267 2508 =
287 2482 379 2513 Lucii
402 2483 501 2513 Annei
527 2482 661 2513 Senecae
684 2483 793 2521 incipit

93 2528 206 2558 liber
237 2527 275 2558 de
298 2526 504 2558 consolatione
526 2527 570 2557 ad
594 2528 794 2558 Albinam

82 2574 225 2603 ‚matrem
255 2579 382 2602 suam.
430 2568 494 2604 (³31.
516 2584 562 2597 =
582 2571 672 2602 Lucii
696 2572 793 2602 Annei

95 2618 230 2649 Senecae
241 2616 290 2647 Ad
306 2617 328 2647 A
340 2617 350 2646 l
360 2617 378 2646 b
388 2616 401 2646 i
411 2625 432 2646 n
443 2624 506 2646 am
521 2616 653 2646 Matrem
669 2616 752 2646 Sua
763 2624 795 2646 m

93 2663 139 2694 De
164 2662 378 2693 Consolatione
399 2660 525 2691 Liber
562 2660 590 2691 U
596 2669 682 2691 nus.
730 2660 794 2694 (22.

94 2729 106 2742 0
120 2730 131 2741 .
146 2730 156 2741 .
172 2707 205 2740 (5
226 2720 272 2733 =
293 2706 383 2737 Lucii
402 2706 500 2737 Annei
525 2705 675 2746 [Annaei]
702 2705 796 2735 Sene-

94 2760 150 2785 cae
160 2752 210 2783 Aa
220 2756 243 2783 Α
255 2753 266 2783 l
276 2752 294 2781 b
304 2752 316 2782 i
325 2761 346 2782 n
355 2760 376 2782 a
386 2759 419 2782 m
435 2751 569 2781 Matrem
587 2751 631 2781 De
647 2750 796 2788 Consola-

94 2799 176 2830 tione
198 2797 325 2828 Liber
351 2796 471 2827 Unus.
519 2795 563 2829 QX
585 2817 619 2829 ..
637 2816 648 2829 .
671 2795 725 2828 §Bo
749 2807 796 2822 =

96 2843 134 2875 L.
157 2843 278 2876 Annaei
309 2842 444 2873 Senecae
467 2841 516 2874 Ad
547 2841 691 2872 Helviam
724 2840 795 2872 Ma·

165 2895 303 2924 Senecae
321 2902 369 2931 op.
389 2893 437 2922 ed.
456 2894 580 2922 Fickert
599 2893 651 2920 nt.

831 1626 910 1656 trem
931 1624 977 1655 De
1003 1623 1218 1655 Consolatione
1230 1646 1240 1663 ,
1267 1623 1294 1654 L
1303 1624 1315 1654 i
1325 1624 1342 1654 b
1351 1632 1366 1655 e
1376 1633 1393 1655 r
1420 1624 1450 1655 U
1453 1634 1474 1656 n
1483 1633 1506 1655 u
1515 1632 1532 1655 e

833 1669 905 1712 (fflu
925 1666 1053 1700 omittit
1074 1669 1112 1699 L.
1136 1669 1257 1699 Annaei
1280 1667 1440 1711 Senecae).

1116 1745 1196 1789 Cup.
1221 1746 1257 1777 I..

878 1802 953 1834 Duo
977 1800 1074 1833 codd.
1103 1800 1185 1845 Lips
1208 1803 1413 1842 =impetum
1436 1803 1530 1843 feci.

835 1847 921 1878 G=
936 1849 975 1879 Ut
996 1848 1154 1879 auderer.
1181 1847 1208 1878 D
1222 1845 1279 1878 P2.
1293 1848 1326 1881 Ἦ
1339 1870 1351 1882 .
1364 1870 1374 1881 .
1390 1848 1531 1882 ,ἄλ-τ·

831 1895 932 1925 multa
954 1902 1002 1924 me
1023 1894 1068 1923 int
1079 1901 1094 1923 e
1104 1901 1150 1932 rp
1162 1901 1177 1923 e
1188 1894 1218 1923 ll
1230 1902 1250 1923 a
1262 1894 1345 1927 bant.
1378 1891 1461 1925 nell.
1475 1899 1528 1926 et-

831 1937 898 1969 iam
917 1936 1005 1970 Pinc.
1020 1936 1078 1969 1³3.
1090 1934 1122 1968 4.
1139 1936 1208 1968 Col.
1227 1950 1277 1968 ω.
1327 1936 1416 1969 Dt‘2.
1431 1938 1463 1972 ‘Ji
1475 1963 1484 1974 ,
1498 1962 1510 1975 ,
1522 1962 1532 1974 .

833 1983 896 2018 (ξ’ὶ.
912 1984 1088 2015 —interim
1111 1986 1198 2015 certe.
1222 1981 1305 2014 Bell.
1329 1982 1430 2015 etiam
1441 1983 1534 2016 Pinc.

833 2026 892 2060 P3.
907 2025 939 2059 4.
957 2027 1029 2059 Col.
1047 2038 1098 2058 ω.
1125 2027 1238 2070 BGDg
1252 2026 1332 2060 Pall.
1346 2028 1379 2062 3)ss
1394 2052 1402 2061 .
1418 2051 1428 2062 0
1443 2050 1454 2063 0
1469 2029 1533 2063 OEl.

831 2075 1037 2105 =Demum
1057 2074 1131 2112 ptus
1153 2074 1341 2104 habiturum.
1365 2072 1466 2105 ACol.
1483 2086 1533 2106 ω.

877 2128 916 2150 ne
940 2128 960 2150 a
983 2127 1033 2149 me
1048 2119 1148 2149 *victa
1168 2119 1296 2159 fortuna
1320 2132 1366 2146 =
1389 2119 1535 2162 BGADg

834 2165 889 2198 93·
902 2186 913 2198 0
928 2164 984 2198 AB
1012 2165 1061 2204 (rte
1082 2161 1115 2193 in
1139 2174 1160 2205 g
1182 2174 1281 2206 supra
1301 2162 1423 2195 lineam
1448 2164 1535 2207 legi—

832 2207 914 2250 tur).
986 2208 1180 2243 (Elaion-§250
1209 2213 1243 2246 'l‘
1271 2218 1423 2241 streame
1456 2220 1537 2242 'non

833 2256 917 2286 victa
941 2252 1077 2294 fortuna.
1112 2252 1203 2296 Lips.
1219 2253 1258 2285 oi.
1270 2269 1314 2281 z
1326 2264 1363 2286 ne
1386 2265 1435 2286 me
1458 2265 1537 2287 non

833 2302 895 2331 vict
906 2309 923 2331 o
937 2300 1074 2339 fortuna.
1100 2299 1169 2330 tam
1185 2299 1348 2332 Goerenz.
1363 2299 1410 2343 (in
1422 2301 1536 2342 Progr.

836 2345 919 2387 Lyc.
943 2343 1059 2376 Zwicc.
1083 2355 1112 2377 a.
1139 2342 1236 2376 1812.
1262 2355 1294 2387 p.
1314 2342 1361 2386 9.)
1387 2354 1450 2377 non
1473 2344 1537 2375 de—

836 2389 974 2420 lendum
989 2400 1060 2420 esse
1080 2400 1098 2420 e
1118 2396 1231 2420 mente
1245 2391 1390 2421 Senecae
1403 2388 1517 2420 docuit
1530 2401 1536 2420 ε

837 2433 926 2465 idem
947 2433 1053 2465 voluit
1075 2445 1134 2466 ms,
1150 2434 1257 2465 Ruhk.
1307 2434 1428 2477 Ggsm)
1442 2449 1488 2461 ==
1501 2444 1538 2466 a·

838 2481 954 2519 liquem
976 2489 1008 2510 m
1019 2489 1036 2510 o
1047 2481 1068 2511 d
1080 2489 1096 2510 ο
1106 2489 1151 2510 ru
1162 2489 1195 2510 m
1218 2481 1360 2511 vinceret.
1409 2478 1480 2511 Col.
1493 2494 1539 2507 =

838 2526 975 2564 aliquem
1006 2534 1027 2555 a
1039 2526 1240 2556 micorum
1274 2534 1415 2556 meorum
1435 2526 1540 2558 vince-

838 2579 856 2601 r
866 2578 881 2600 e
891 2579 933 2601 m.

884 2611 918 2644 2.
945 2613 1150 2653 G===1taque
1173 2615 1335 2646 victum
1358 2616 1466 2654 quod
1489 2624 1539 2647 co-

839 2660 952 2690 nabar.
1000 2659 1030 2689 D
1042 2673 1088 2686 =
1100 2660 1208 2698 Itaque
1230 2669 1252 2690 u
1264 2661 1281 2690 b
1292 2661 1431 2699 icunque
1446 2669 1541 2692 cona-

840 2705 966 2735 batur.
1001 2703 1034 2738 th
1048 2726 1058 2737 .
1071 2726 1081 2737 .
1095 2726 1105 2737 .
1119 2704 1151 2737 §.13
1165 2718 1211 2730 =
1223 2705 1330 2744 ltaque
1353 2714 1373 2735 n
1385 2708 1541 2744 tranique

842 2749 990 2780 conabar.
1038 2748 1069 2779 G
1092 2762 1138 2775 =
1160 2750 1210 2780 ab
1243 2750 1412 2790 obliyanda
1435 2759 1465 2781 v.
1488 2759 1541 2781 ve-

842 2797 908 2825 stra
931 2796 1105 2834 temptare
1130 2793 1210 2837 (hoc
1230 2804 1275 2826 cr.
1293 2794 1359 2836 ω).
1408 2795 1460 2837 Dg
1480 2794 1540 2826 Ρὸ.

845 2837 917 2870 Col.
930 2853 976 2868 =
990 2840 1123 2871 vulnera
1145 2849 1165 2871 n
1177 2848 1220 2871 oe
1230 2842 1281 2871 tra
1300 2843 1432 2880 reptare.
1482 2837 1539 2872 1‘2.

1200 2884 1255 2928 23
