1812 3184
0 0 453 396 Γ

0 398 9 531 Ξ

0 539 8 599 Ξ

493 196 676 238 NATUR.
709 196 918 247 QUAEST.
951 196 1044 236 mu,
1068 196 1125 244 11,
1159 172 1226 238 42'.

1497 195 1580 242 495

137 309 318 357 Tertiam
333 310 554 354 manubiam
578 311 680 354 idem
703 308 854 368 Iupiter
873 310 989 352 mittit
1019 310 1087 352 sod
1114 309 1324 352 adhibitis
1314 324 1353 351 ιιι
1373 311 1579 354 consilium

135 378 197 423 ὑί
216 387 318 436 quos
338 379 566 437 superiores
589 387 758 432 uocant,
791 379 882 435 quia
902 385 1032 421 uastat
1052 379 1090 420 in
1112 392 1214 434 quae
1231 377 1368 420 incidit
1388 385 1428 420 et
1449 379 1581 435 utique

134 453 262 490 mutat
284 455 428 492 statum
457 449 652 506 priuatum
683 455 724 491 et
750 447 944 505 pubiicum
976 461 1090 503 quem
1114 447 1294 489 inuenit.

135 515 233 559 nihil
258 530 350 560 esse
379 517 492 574 quale
521 518 593 560 fuit
621 517 782 575 patitur.

137 585 239 628 tueri
256 586 370 638 uelis,
405 593 513 628 errat
527 586 752 642 antiquitas.

1341 445 1445 502 ignis
1476 448 1579 489 enim

842 513 982 557 XLII.
1025 513 1072 557 In
1103 515 1224 571 prima
1255 515 1412 572 specie,
1455 515 1490 557 si
1521 516 1581 557 in-

815 582 919 638 Quid
936 583 1040 626 enim
1058 591 1136 625 tam
1153 583 1363 640 inperitum
1385 589 1446 626 est
1466 598 1581 640 quam

137 654 302 696 credere
327 653 486 696 fulmina
507 667 530 696 e
552 653 719 696 nubibus
742 650 880 694 Iouem
905 652 1087 704 mittere,
1129 652 1356 704 columnas,
1398 651 1578 706 arbores,

137 734 427 776 nonnumquam
447 727 599 763 statuas
622 734 714 762 suas
741 727 903 776 petere,
937 719 992 761 uti
1015 719 1203 776 inpunitis
1231 719 1460 775 sacrilegis,
1492 733 1582 776 per-

137 783 265 831 cussis
294 788 460 841 ouibus,
498 788 670 830 incensis
703 788 783 829 aris
823 788 995 844 pecudes
1024 787 1210 828 innoxias
1239 789 1369 830 feriat.
1413 789 1582 830 aduoca-

137 862 200 898 tos
222 857 270 898 ad
289 870 403 899 snum
423 857 630 899 concilium
653 871 674 898 a
691 854 789 898 Ioue
810 857 907 897 deos
922 887 933 907 ‚
967 855 1076 910 quasi
1099 848 1138 896 in
1159 855 1244 911 ipso
1269 870 1404 912 parum
1429 857 1584 898 consilii

137 923 214 966 site
253 924 317 967 ilia
340 925 444 967 laeui
466 936 557 967 esse
578 932 618 966 et
639 925 788 981 placata
814 923 973 965 fulmina
994 936 1094 978 quae
1118 923 1227 965 solus
1250 924 1451 975 excutiat,

1495 938 1584 982 per-

138 993 288 1037 niciosa
316 993 457 1049 quibus
483 993 684 1035 mittendis
712 992 838 1033 maior
864 991 976 1033 turha
1006 991 1207 1033 numinum
1240 992 1448 1034 interfuit?
1490 992 1535 1035 si
1562 1007 1584 1034 a
1602 1008 1619 1035 2

139 1094 233 1118 ne=
243 1084 435 1126 EeG(s.m.)
447 1085 516 1119 SR.
530 1083 646 1120 ...2231
667 1084 838 1127 (3531...ἕό

139 1145 185 1158 =
205 1133 257 1164 Ne
276 1131 405 1172 prodest
425 1129 483 1172 9.).
551 1129 611 1162 P3.
625 1129 724 1165 §Bm
737 1144 783 1158 =
799 1141 834 1160 ω

138 1178 258 1209 ιιοοειιε.
302 1177 417 1216 Quae
435 1176 563 1216 prodest
592 1176 738 1216 quidem,
771 1176 839 1208 sed

139 1230 220 1254 non
243 1222 383 1262 impune.
427 1221 488 1252 BG
506 1218 566 1253 1²4.
588 1220 662 1252 Col.
682 1221 775 1254 Fort.
798 1218 838 1252 ci.

141 1265 205 1302 mo
216 1288 255 1302 σοι
266 1266 300 1301 Θ
313 1265 383 1301 ὢῖο
394 1288 432 1301 000
444 1265 530 1301 ππ
541 1267 678 1298 advocat
688 1276 699 1298 ‚⁵
731 1276 750 1306 (Ι
762 1276 783 1298 u
794 1275 815 1297 α
825 1275 841 1298 G

136 1313 264 1353 prodest
282 1311 429 1351 quidem,
454 1313 525 1344 sed
543 1321 626 1343 non
645 1313 783 1352 impune.

185 1357 240 1389 sed
262 1357 414 1389 adhibitis
441 1358 476 1388 in
506 1358 670 1389 consilium
692 1358 742 1388 dis
764 1365 841 1396 quos

139 1403 315 1444 superiores
342 1405 457 1435 vocant
471 1416 516 1430 =
537 1402 593 1434 Ee.
673 1402 765 1434 13—-
719 1416 766 1429 =
786 1403 841 1434 sed

142 1449 292 1480 adhibitis
316 1448 351 1480 in
369 1449 534 1480 consilium
564 1448 627 1479 diis
649 1457 726 1488 quos
748 1456 840 1488 supe-

143 1494 242 1526 riores
276 1493 354 1535 [=
369 1487 426 1525 1³3.
442 1490 501 1537 4]
535 1496 573 1525 et
616 1495 841 1526 involutos

142 1541 263 1571 vocat.
322 1537 411 1570 G=
429 1539 484 1571 sed
508 1539 657 1571 adhibitis
677 1540 843 1571 consilium

145 1585 208 1616 diis
229 1593 307 1624 quas
331 1583 392 1624 [ι-
409 1583 495 1626 Col.]
519 1586 693 1624 superiores
714 1587 752 1616 et
774 1585 842 1616 in-

143 1630 319 1661 volutas
332 1630 455 1661 vacant.
500 1628 551 1660 sG
562 1628 624 1663 (52.
637 1652 675 1664 ...
689 1629 723 1664 si
737 1633 771 1667 ÷
787 1629 842 1661 sed

145 1675 295 1706 adhibitis
323 1675 357 1706 in
382 1675 546 1706 consilium
569 1675 654 1714 diis,
689 1684 766 1714 quos
788 1684 841 1706 su-

142 1721 280 1760 pei-iores
293 1722 328 1751 ei
351 1721 571 1752 involutos
591 1723 715 1752 vocant.
739 1719 839 1754 §BQL

143 1766 256 1797 =sed
278 1766 426 1797 adhibitis
444 1765 478 1797 in
493 1766 668 1805 consilium,
684 1774 762 1805 quos
780 1766 842 1796 diis

143 1811 318 1852 superiores
328 1813 365 1842 et
383 1811 453 1842 inv
463 1819 481 1842 o
491 1811 501 1840 l
511 1820 533 1841 u
542 1813 552 1840 t
562 1820 579 1842 ο
590 1819 605 1841 s
619 1813 741 1842 vocant.
758 1810 840 1842 For-

145 1862 215 1888 tun.
237 1854 277 1887 ci.
288 1869 332 1883 =
344 1856 400 1887 sed
419 1856 569 1887 adhibitis
589 1864 663 1887 cons
675 1857 724 1887 ili
735 1866 752 1887 ο
771 1857 841 1887 Diis

144 1910 232 1942 quas.
257 1899 359 1933 Gran.
375 1899 454 1944 [ms]
478 1894 594 1932 vocem
610 1901 765 1933 involutos
778 1911 839 1932 ex-

143 1944 262 1990 plicari
282 1956 383 1990 posse
403 1950 504 1988 negat
532 1951 566 1977 et
595 1944 707 1978 locum
725 1957 843 1978 corru—

141 1997 236 2035 ptum
256 1989 465 2034 pronuntiat.

192 2038 294 2078 quia
315 2039 420 2069 vastat
440 2038 482 2069 in
506 2045 613 2076 quae
636 2037 794 2069 incidit
817 2039 845 2069 ei

146 2083 291 2123 utique
308 2085 410 2114 mutat
422 2085 540 2116 statum
559 2083 719 2122 privatum
740 2086 767 2114 et
783 2093 844 2123 pu-

146 2128 262 2159 blicum
278 2142 325 2155 =
342 2127 380 2158 Ε.
452 2138 470 2159 e
490 2141 535 2154 =
555 2136 662 2167 quae
683 2131 788 2160 vastat
810 2129 843 2160 in

146 2183 165 2212 q
175 2173 256 2204 aod
276 2173 385 2205 incidit
407 2175 437 2204 et
453 2174 558 2213 utique
572 2184 624 2203 ω.
673 2172 702 2204 G
714 2188 758 2200 =
769 2175 845 2214 quia

151 2216 262 2261 [3.ιιι.]
284 2220 391 2250 vastat
411 2220 454 2250 vi
476 2227 558 2258 quae
582 2216 692 2261 [s.m.]
716 2220 843 2250 inclu-

146 2263 194 2295 dit
215 2265 244 2296 et
263 2264 395 2303 inique
414 2266 517 2295 mutat
545 2266 662 2296 statum
682 2266 844 2304 privat-um

146 2310 177 2340 et
193 2317 227 2349 p.
274 2307 360 2341 Scal.
372 2311 533 2341 =vasiat
554 2310 595 2341 vi
618 2318 698 2349 quae
717 2311 768 2341 inc
780 2311 844 2341 lu-

147 2354 204 2386 dit·
250 2354 771 2394 BssoonQffl2oooost=quae
793 2354 842 2397 [Β

147 2399 345 2441 ==Quemj
367 2402 472 2431 vastat
494 2402 530 2431 et
558 2401 743 2431 includit
768 2400 843 2441 [Gr.

148 2443 209 2486 =]
223 2445 405 2484 uinique
425 2446 527 2475 mutat
547 2447 663 2475 statum
683 2446 846 2484 privatum

149 2491 179 2521 et
196 2497 231 2528 p-
277 2487 534 2523 fflt...ffi1.==
557 2498 665 2528 quae
685 2492 790 2521 vastat
813 2492 848 2520 et

149 2533 351 2573 includit,
372 2536 401 2565 et
422 2536 523 2565 mutat
549 2537 666 2565 statum
685 2535 848 2574 privatum

147 2579 254 2619 utique
277 2580 305 2610 ei
321 2579 408 2618 publ.
456 2577 487 2610 G
499 2580 562 2620 (cr.
578 2579 636 2620 ω)
647 2589 722 2619 =q
733 2581 775 2611 ui
799 2580 847 2612 in·

148 2624 231 2656 venii
240 2632 297 2655 ur.

194 2669 278 2709 ignis
299 2669 382 2700 enim
404 2669 482 2701 nihil
512 2677 576 2701 esse
606 2671 729 2710 quale
761 2671 847 2710 suit

148 2714 387 2754 patitur=s13.
457 2714 540 2746 E=
561 2716 643 2756 ignis
665 2717 747 2747 enim
768 2716 848 2747 nihil

149 2768 214 2791 esse
236 2768 360 2800 quam
380 2760 442 2800 suit
459 2762 591 2800 patitur.
638 2762 800 2801 e=iynis
814 2770 846 2792 e-

149 2806 216 2837 nim
236 2805 315 2837 nim
334 2813 398 2837 esse
421 2806 531 2846 quod
554 2807 614 2847 fuit
631 2808 762 2847 patitur.
787 2805 846 2838 BG

152 2849 214 2886 (³32.
229 2873 240 2885 .
253 2874 262 2885 .
276 2873 286 2884 .
308 2850 341 2886 R
361 2865 406 2878 =
428 2852 513 2892 Ignis
544 2853 626 2884 enim
658 2853 737 2884 nihil
771 2860 846 2892 esse,

885 1084 996 1124 quod
1028 1084 1103 1123 sit,
1135 1084 1289 1123 patitur.
1312 1082 1413 1118 QOEl.
1436 1098 1480 1111 =
1500 1083 1534 1125 19
1536 1086 1586 1116 nis

885 1130 968 1161 enim
988 1129 1067 1160 nihil
1090 1138 1171 1167 esse,
1208 1130 1322 1168 quod
1346 1127 1423 1172 [1³4.
1437 1129 1508 1162 Col.
1522 1131 1586 1171 Ξ]

885 1176 946 1206 sic
966 1175 1096 1214 patitur.
1141 1152 1261 1206 12’3.——
1214 1175 1325 1215 =fii
1344 1176 1475 1215 patitur

1139 1253 1219 1297 Cap.
1243 1253 1352 1286 XLII.

931 1311 967 1343 ln
986 1312 1094 1350 prima
1116 1311 1237 1350 specie,
1259 1312 1287 1343 si
1309 1312 1424 1344 intueri
1443 1314 1521 1344 velis
1541 1326 1586 1340 ==

885 1355 944 1386 Ee.
1014 1356 1040 1386 B
1061 1371 1106 1383 =
1126 1357 1162 1387 In
1193 1356 1257 1387 his
1286 1358 1394 1396 prima
1414 1359 1516 1397 specie
1537 1359 1587 1390 in·

883 1402 963 1432 tueri
985 1403 1072 1433 velis.
1120 1397 1216 1432 GP4.
1233 1400 1304 1433 col.
1325 1402 1370 1436 {Di
1384 1425 1394 1436 .
1408 1425 1419 1437 .
1430 1425 1441 1437 .
1452 1403 1485 1438 R
1498 1406 1534 1439 -i-
1550 1404 1584 1435 In

884 1447 904 1478 h
916 1447 962 1486 is,
982 1447 1092 1486 prima
1112 1447 1212 1486 specie
1234 1448 1261 1477 si
1283 1448 1397 1479 intueri
1410 1449 1497 1480 velis.
1523 1446 1584 1480 Ρ3.

890 1496 925 1530 -Ξ-
945 1493 981 1524 In
1002 1492 1080 1524 hac-
1100 1494 1207 1532 prima
1229 1493 1329 1532 specie
1351 1493 1379 1524 si
1401 1494 1456 1525 ini.
1479 1503 1511 1525 υ.
1550 1494 1584 1528 §8

888 1537 952 1572 (51.
972 1551 1019 1565 ε
1040 1539 1076 1569 In
1099 1538 1162 1569 his
1193 1538 1347 1576 primam
1377 1540 1534 1578 speciem
1557 1540 1587 1571 si

885 1584 999 1615 intueri
1020 1584 1107 1615 velis.
1146 1581 1267 1625 probat
1285 1581 1371 1615 Lud.
1395 1583 1493 1616 Ianus
1515 1582 1539 1616 l.
1562 1582 1584 1616 I.

886 1627 980 1659 Fort.
1003 1628 1067 1663 OE2.
1082 1650 1093 1662 .
1106 1651 1137 1662 ..
1151 1629 1184 1662 (ᾖ
1207 1641 1251 1654 =
1272 1629 1308 1660 In
1330 1629 1396 1661 his
1424 1631 1586 1670 primam

887 1674 905 1713 s
908 1674 974 1704 aci
985 1683 1038 1705 em
1076 1675 1104 1705 si
1136 1675 1250 1705 intueri
1283 1675 1370 1705 velis.
1419 1673 1514 1706 Anic.
1538 1688 1585 1702 =

883 1719 990 1758 prima
1012 1719 1028 1758 f
1037 1719 1139 1750 acie.

930 1772 1168 1804 nonnumquam
1190 1766 1312 1795 statuas
1334 1773 1410 1796 suas
1429 1767 1587 1805 peiere=

885 1809 944 1840 Ee.
1018 1808 1075 1839 BG
1087 1809 1120 1844 >23
1133 1830 1171 1843 ...
1185 1808 1217 1842 ὁῖ
1229 1823 1274 1836 =
1286 1812 1408 1842 statuas
1421 1819 1497 1842 suas
1510 1816 1588 1843 non-

883 1863 990 1894 numq.
1013 1863 1046 1893 p.

934 1901 997 1931 uti
1019 1901 1169 1939 inpunilis
1187 1914 1232 1927 =
1248 1900 1307 1932 Ee.
1377 1901 1410 1936 ’.ΞΒ
1423 1915 1470 1928 =
1483 1905 1523 1934 ut
1546 1903 1589 1934 in

885 1946 1060 1985 punicis
1078 1946 1285 1985 sacrileqiis.
1334 1945 1505 1981 (ἐμ-ειη
1528 1948 1588 1979 im—

885 1991 1006 2030 punitis
1027 1992 1234 2031 sacrilegiis.
1282 1989 1339 2024 Ρ3.
1361 2006 1407 2019 =
1430 1993 1500 2024 ubi
1527 1995 1588 2025 im-

886 2045 965 2076 pun.
987 2046 1068 2068 sacr.
1118 2036 1175 2067 BG
1189 2035 1253 2071 &A
1267 2059 1279 2071 .
1292 2059 1303 2071 .
1316 2060 1327 2071 .
1339 2037 1373 2071 St*
1393 2052 1439 2065 =
1461 2040 1505 2069 ui
1528 2039 1588 2069 im-

885 2090 964 2121 pun.
987 2091 1069 2113 sacr.
1119 2081 1288 2124 G(cr.<x>)
1301 2083 1515 2123 =indemp
1528 2084 1588 2115 sis

887 2135 962 2158 aris.

934 2172 1147 2204 advocatos
1179 2174 1223 2204 ad
1252 2183 1346 2205 suum
1378 2175 1543 2206 concilium
1567 2184 1588 2206 a

887 2218 958 2250 love
981 2218 1073 2257 deos,
1107 2219 1199 2259 Quasi
1229 2220 1263 2251 in
1284 2221 1353 2260 ipso
1373 2229 1493 2260 parum
1515 2229 1587 2252 con-

888 2264 951 2295 silii
973 2265 1067 2294 sit=
1079 2264 1136 2295 Ee.
1208 2264 1292 2299 BQ.
1331 2265 1390 2299 Si
1410 2280 1457 2292 =
1476 2268 1514 2297 et
1543 2267 1588 2298 ad

887 2317 981 2340 suum
1003 2311 1168 2341 concilium
1193 2309 1234 2352 [Β
1246 2309 1370 2344 Qffil..
1375 2311 1501 2345 ..-,ςῗ
1455 2333 1501 2337 -
1515 2320 1588 2342 con-

871 2353 1017 2394 silium]
1043 2363 1064 2385 α
1085 2355 1156 2386 Iove
1176 2356 1260 2394 deos,
1283 2357 1375 2394 quasi
1398 2357 1430 2387 in
1446 2357 1515 2395 ipso
1529 2364 1589 2395 pa-

889 2407 960 2430 rum
983 2400 1104 2430 consilii
1131 2401 1170 2430 sii
1191 2399 1382 2431 advocari.
1432 2399 1463 2432 G
1484 2414 1531 2427 =
1552 2404 1589 2432 et

889 2444 933 2474 ad
955 2453 1047 2475 suum
1070 2445 1260 2476 consilium
1288 2454 1309 2476 a
1332 2446 1403 2477 Iove
1427 2444 1464 2488 [3
1488 2445 1586 2489 deos]

891 2490 983 2528 quasi
1003 2489 1038 2520 in
1070 2490 1138 2529 ipso
1168 2499 1285 2529 parum
1296 2488 1440 2522 consilii
1466 2493 1506 2522 sit
1528 2492 1588 2522 ad-

890 2534 1032 2620 vocari
1067 2534 1105 2577 (s
1130 2535 1302 2567 advocatos
1335 2540 1370 2567 et
1401 2537 1588 2568 advocan-

890 2579 963 2611 dos
981 2601 990 2610 .

936 2625 994 2656 illa
1016 2626 1098 2656 laeta
1121 2634 1186 2657 esse
1200 2628 1229 2657 et
1249 2627 1380 2665 placata
1395 2627 1530 2666 fulmina
1542 2641 1588 2655 =

891 2669 950 2700 Ee.
1020 2670 1081 2705 BQ}
1094 2693 1104 2705 .
1117 2693 1128 2704 .
1141 2693 1151 2704 .
1166 2670 1199 2705 ,st
1216 2685 1262 2699 =
1283 2673 1340 2703 illa
1363 2673 1446 2703 laeta
1468 2675 1496 2704 et
1515 2675 1588 2713 pla-

890 2717 964 2746 cata
984 2724 1048 2747 esse
1079 2716 1227 2756 fulmina.

888 2761 1019 2800 placata
1036 2761 1173 2801 fulmina
1195 2770 1269 2795 esse.

891 2851 917 2883 E
936 2807 1039 2838 maior
1068 2808 1160 2839 turba
1187 2810 1353 2841 numinum
1387 2809 1526 2850 interfuit
1544 2823 1589 2837 =

920 2861 948 2883 e.

1275 2716 1306 2748 G
1319 2731 1366 2745 =
1376 2718 1434 2750 illa
1455 2719 1539 2750 laeta
1561 2721 1590 2751 et

1020 2851 1080 2884 BG
1091 2847 1149 2887 P4.
1164 2852 1234 2885 Col.
1245 2868 1291 2882 =
1301 2855 1405 2887 maior
1425 2856 1590 2887 numinum
