1812 3184
271 792 275 801 ,
601 700 708 775 'AD
755 734 1086 775 POLYBIUM

330 833 447 882 DE
498 834 1381 884 >CONSOLAT10N1⁴2

243 1023 280 1068 I.
313 1026 427 1083 [20.]
457 1027 556 1055 *²⁸²*
586 1035 749 1071 nostrae
772 1043 986 1085 conpares,
1018 1029 1128 1070 firma
1148 1035 1266 1070 sunt:
1299 1026 1334 1069 si
1355 1026 1512 1082 redigas
1534 1027 1581 1069 ad

180 1119 211 1151 A
228 1131 277 1147 =
295 1119 409 1159 lnctpa
442 1117 522 1163 [hic
556 1129 679 1151 nomen
710 1120 835 1160 Polybii

135 1161 309 1203 abrasum,
345 1163 437 1207 quod
467 1162 632 1207 integrum
646 1175 649 1177 ’
662 1169 771 1197 exstat
797 1163 832 1196 in

133 1205 234 1242 titulo
250 1207 389 1251 codicis]
411 1210 456 1241 De
471 1211 696 1242 Consolatione.
719 1209 833 1250 „For-

132 1257 170 1285 te
194 1252 308 1286 avulsa
338 1253 418 1286 hinc
447 1253 543 1286 fuere
565 1254 694 1298 aliquot
726 1253 831 1292 folia3

133 1307 212 1330 nam
231 1308 303 1342 seq.
323 1297 445 1342 pagina
476 1297 595 1342 incipit
627 1298 749 1331 minori
773 1310 833 1331 oa·-

131 1349 262 1377 metere
291 1343 363 1376 sic:
397 1353 520 1384 maana
550 1345 736 1376 discrimina
765 1350 830 1376 etc.

132 1398 218 1433 quae
239 1387 332 1421 iuxta
353 1387 416 1428 Ed.
438 1387 542 1421 Paris.
568 1386 668 1421 1613.
692 1395 770 1420 sunt
792 1400 832 1420 ex

133 1430 277 1478 usp-ffi.
301 1442 405 1478 usque
426 1431 469 1465 ad
492 1432 592 1466 linem
608 1432 695 1466 libri.
720 1432 831 1465 Etiam

131 1477 218 1512 haec
237 1489 357 1523 pauca,
378 1489 463 1522 quae
486 1484 652 1522 occupant
675 1478 831 1522 paginam

133 1534 233 1557 unam
244 1529 280 1556 et
293 1522 475 1563 dimidiam,
488 1524 599 1556 omnia
607 1531 689 1556 »sunt
704 1524 830 1564 abrasa,

64 1597 67 1600 ,
133 1573 171 1601 et
189 1575 322 1601 tantum
343 1567 461 1602 relicta
481 1569 617 1602 fuerunt
636 1568 671 1601 in
695 1567 832 1612 Codice,

133 1625 178 1647 ne
195 1613 241 1647 de
260 1613 373 1648 medio
393 1613 570 1647 tolleretur
588 1613 624 1646 in
647 1625 764 1646 aversa
790 1625 832 1646 e-

134 1657 221 1691 iusd.
253 1657 329 1691 folii
362 1665 458 1702 parte
497 1658 629 1691 initium
657 1657 830 1702 sequentis

133 1705 222 1737 Libri
237 1705 283 1737 ad
292 1705 437 1736 Helbiam
449 1705 488 1736 de
500 1705 725 1743 Consolatione,
740 1702 832 1746 quod

132 1754 315 1793 propterea
335 1754 445 1782 exstat
463 1747 638 1781 intactum.
672 1750 831 1780 Attamen

134 1805 176 1827 ex
190 1793 365 1826 levissimis
386 1793 664 1826 lineamentorum
683 1792 831 1837 reliquiis

133 1844 170 1872 et
179 1838 273 1872 Editi
284 1838 547 1883 comparatione,
588 1844 723 1870 uantum
736 1836 831 1881 potui

133 1894 261 1924 mere,
283 1883 401 1916 labore
418 1894 488 1916 non
509 1849 672 1916 mediocri
690 1894 831 1927 sequen-

131 1934 184 1962 m
214 1927 404 1963 ‘varietates
437 1928 645 1961 subiiciam.“
691 1929 830 1961 Brauca.

133 1973 172 2007 In
195 1973 270 2007 ood-
290 1975 322 2006 D
346 1973 516 2017 „iungitur
535 1973 592 2006 hic
603 1973 706 2006 Liber
730 1979 831 2006 ante·-

134 2018 267 2052 cedenti
285 2020 324 2052 de
342 2021 500 2053 Brevitate
520 2021 607 2061 Vitae
626 2018 830 2059 immediate,

132 2063 222 2097 unde
246 2070 338 2098 oeret
367 2063 481 2097 titulo.
527 2065 568 2096 In
596 2064 745 2107 margine
767 2075 831 2096 au·-

132 2115 202 2142 tem
214 2109 326 2142 medio
350 2109 449 2142 obelo
473 2111 519 2144 -÷
538 2109 664 2152 primae
674 2108 750 2142 voci
770 2109 832 2141 hu-

132 2153 183 2187 ius
197 2153 302 2195 Libri,
325 2154 378 2187 vel
401 2153 513 2199 potius
525 2154 728 2198 Fragmenti,
746 2165 831 2198 quae

131 2198 167 2232 in
181 2199 305 2233 Codice
325 2205 397 2232 est:
422 2200 459 2232 Si
479 2200 666 2243 respondet
685 2199 830 2232 secunda

130 2254 232 2277 manu
267 2250 403 2278 exarata
435 2255 576 2288 sequens
610 2245 722 2278 Nota:
765 2245 832 2278 ÷Al’

130 2291 251 2331 incipit.
282 2291 397 2323 Nostra
418 2291 446 2322 si
467 2299 640 2331 compares.
673 2294 702 2323 et
720 2292 832 2323 intitu-

131 2335 218 2368 letur
238 2336 288 2368 hie
310 2337 387 2368 liber
409 2336 454 2367 ad
476 2337 642 2376 Polybium
663 2337 702 2368 de
717 2337 832 2369 Conso·
854 2331 858 2335 ’

132 2381 247 2413 latione
269 2381 414 2421 mirisf‘
450 2378 550 2412 idem.
598 2381 636 2412 In
656 2381 687 2412 'E
712 2381 832 2423 „deest

133 2423 271 2458 omnino
286 2424 413 2463 titulus,
437 2435 513 2457 cnm
528 2425 720 2458 immediate
738 2428 832 2459 Libro

132 2469 172 2503 dc
198 2471 354 2513 Brevitate
380 2471 468 2502 Vitae
494 2470 611 2502 subiun
635 2476 730 2511 atur,
763 2471 831 2503 imo

134 2513 352 2557 coniungatur
374 2513 498 2557 absque
512 2515 580 2547 ulla
629 2514 637 2523 ⁴
655 2515 832 2556 tinctione,

179 2557 227 2590 asi
239 2568 338 2591 unum
349 2556 503 2603 idemque
515 2559 717 2603 Scriptum.“
732 2560 831 2593 idem.

163 2602 244 2635 tiam
266 2602 358 2635 BGv
376 2604 436 2635 Gr.
459 2605 491 2638 δῖ
506 2626 518 2638 .
531 2627 542 2638 0
554 2626 565 2639 .
581 2604 645 2639 (vil.
678 2604 768 2637 hunc
780 2605 833 2636 ‘li-

133 2647 259 2680 bellum
274 2658 350 2680 cum
360 2647 533 2700 superiore
556 2648 739 2681 arctissime
754 2660 834 2682 con·

134 2692 277 2737 iungunt
297 2703 363 2726 nec
383 2692 483 2725 titulo
499 2693 617 2726 addito
637 2704 700 2727 nec
717 2693 834 2726 distin-

135 2738 248 2772 ctione
282 2738 394 2771 facta:
428 2738 489 2771 sed
511 2738 545 2771 in
568 2738 679 2771 indice
708 2750 834 2780 eorum,

132 2794 219 2828 quae
250 2783 419 2816 volumine
443 2785 485 2816 ΙΙ.
508 2783 561 2816 ed.
587 2785 621 2819 8(
656 2784 836 2817 eontinen-

132 2835 199 2869 tur,
223 2828 380 2872 leguntur
402 2829 504 2862 haec:
539 2829 666 2870 „Liber
687 2840 770 2862 unus
793 2828 836 2862 de

134 2872 301 2908 brevitate
320 2873 409 2907 vitae
429 2873 472 2908 ad
487 2874 658 2920 paulinum
681 2874 733 2908 cui
757 2885 836 2908 con-

878 1119 1026 1152 tinuatur
1049 1119 1134 1152 liber
1158 1130 1239 1151 tintus
1273 1117 1316 1150 de
1349 1117 1580 1151 consolatione

878 1165 994 1197 fratris
1013 1164 1057 1197 ad
1079 1163 1253 1208 pollibium
1274 1163 1346 1196 sine
1362 1163 1580 1207 inscriptione

879 1216 915 1243 et
941 1209 1118 1243 intervallo
1141 1221 1181 1242 ex
1202 1208 1328 1242 incuria
1350 1208 1467 1241 famuli
1483 1219 1580 1241 com·-

878 1254 1034 1300 ponentis
1058 1254 1114 1299 qui
1140 1253 1259 1298 incipit
1282 1257 1394 1287 Nostra
1418 1264 1580 1295 compares

878 1309 974 1348 firma
996 1309 1105 1339 sunm
1150 1306 1276 1337 mG=
1302 1306 1335 1336 in
1360 1307 1423 1338 alio
1446 1308 1512 1338 erat
1536 1307 1579 1353 ΒΖ

879 1358 1047 1400 [Rubrica]
1072 1366 1153 1397 quae
1186 1358 1232 1389 sic
1263 1356 1431 1394 incipiebat
1453 1357 1581 1397 explicit

877 1411 916 1442 de
931 1411 1079 1443 brevitate
1097 1411 1157 1441 vite
1171 1411 1282 1450 incipit
1299 1407 1342 1454 ly
1365 1407 1410 1438 ad
1433 1407 1579 1446 appol-

878 1457 910 1488 li
922 1465 1039 1488 onem
1062 1454 1100 1486 de
1120 1457 1338 1488 consolatione.
1378 1454 1510 1487 Vetusti
1532 1453 1577 1486 li-

877 1500 929 1532 bri
952 1500 1042 1533 Pinc.
1057 1514 1101 1527 =
1113 1501 1225 1539 Incipit
1249 1501 1324 1532 liber
1336 1501 1374 1532 L.
1386 1502 1507 1533 Annaei
1521 1501 1578 1532 Se-

875 1556 970 1578 necae
1002 1546 1047 1578 ad
1071 1547 1236 1585 Polybium
1250 1569 1259 1585 ,
1296 1546 1336 1577 de
1371 1547 1580 1578 consolatione
1634 1562 1639 1567 -

877 1592 1042 1632 fratris
1076 1592 1142 1622 sui
1175 1591 1345 1622 mortui.
1393 1590 1576 1625 (32....(5

876 1650 923 1664 =
935 1637 1027 1668 Liber
1048 1637 1094 1667 De
1120 1637 1334 1667 Consolatione
1349 1637 1397 1668 Aa
1411 1637 1579 1675 Polybium

875 1676 1059 1724 ἀκέφαλος.
1108 1681 1153 1714 {nt
1168 1703 1177 1714 .
1192 1690 1205 1713 ε
1217 1702 1228 1714 .
1246 1678 1306 1714 24.
1326 1695 1373 1707 =
1395 1681 1432 1711 L.
1457 1681 1578 1713 Annaei

876 1727 1011 1758 Senecae
1037 1726 1127 1757 Liber
1150 1726 1193 1756 De
1215 1726 1429 1757 Consolatione
1443 1726 1492 1757 Aa
1515 1727 1579 1757 Po-

876 1771 995 1810 lybium
1015 1765 1217 1813 Ἀκέφαλος-
1251 1770 1322 1804 (ὅτι)
1335 1770 1386 1805 ἑὸΙ
1394 1793 1405 1804 .
1417 1769 1452 1804 2.
1463 1771 1518 1805 ³230
1530 1783 1577 1798 =

876 1816 913 1848 L.
940 1816 1061 1848 Annaei
1093 1815 1229 1847 Senecae
1262 1816 1312 1846 Ad
1334 1816 1500 1854 Polybium
1531 1817 1578 1847 De

878 1861 1095 1893 Consolatione
1112 1860 1205 1892 Liber
1225 1855 1426 1903 Ἀκέφαλος.
1461 1860 1519 1895 {Ru
1531 1875 1578 1888 =

876 1906 926 1937 Aa
948 1906 1116 1945 Polybium
1151 1906 1328 1938 Consolatio
1360 1906 1454 1938 Liber
1473 1901 1578 1940 Ἀκέ-

877 1950 993 1994 φαλος.

1107 2005 1189 2050 Cap.
1212 2007 1240 2038 1.
1268 2005 1355 2050 [20.]

925 2062 988 2107 ΘΞ.
1003 2086 1014 2099 .
1027 2085 1038 2098 .
1051 2086 1063 2098 .
1075 2063 1130 2098 Qu
1154 2061 1317 2107 incipiunt
1339 2075 1360 2096 a
1384 2075 1456 2108 (κη).
1467 2063 1572 2096 XX.:

877 2107 937 2141 sed
958 2119 1028 2140 non
1051 2107 1155 2140 multa
1178 2107 1316 2148 deesse,
1354 2120 1477 2149 „unam
1501 2110 1577 2142 for-—

875 2160 964 2187 tasse
984 2153 1189 2197 alteramque
1208 2153 1396 2197 periodum,
1411 2161 1470 2188 aut
1487 2161 1577 2188 certe

878 2202 1003 2243 caput“
1026 2205 1119 2232 recte
1144 2206 1257 2232 censet
1282 2199 1379 2232 Grut.

920 2247 1008 2277 nostr
1018 2254 1039 2276 a
1049 2255 1064 2277 e
1083 2254 1245 2286 conpares,
1270 2247 1364 2287 firma
1379 2249 1450 2279 sunt
1461 2260 1506 2274 =
1519 2246 1577 2278 BG
1639 2270 1641 2272 .

876 2291 983 2333 Bong.
1052 2290 1142 2322 V=
1157 2292 1191 2322 si
1213 2293 1302 2323 vite
1324 2295 1427 2324 nostre
1450 2301 1577 2332 compa-

875 2346 925 2368 res
947 2337 1096 2377 infirma
1120 2339 1202 2368 sunt.
1241 2334 1299 2368 1³2.
1318 2340 1352 2374 -Ι-
1369 2339 1500 2368 sinite
1520 2346 1577 2368 no-

876 2385 960 2414 strae
983 2390 1147 2420 compares
1161 2382 1256 2421 firma
1269 2385 1352 2413 sunt.
1378 2380 1465 2412 unde
1480 2381 1576 2413 Grut.

877 2426 919 2458 ci.
945 2429 980 2464 ÷
1007 2427 1043 2457 si
1076 2427 1115 2457 vi
1126 2428 1192 2457 lae
1224 2429 1350 2458 nostrae
1378 2435 1479 2466 comp.
1501 2427 1525 2467 f.
1550 2434 1577 2458 s.

877 2472 1029 2512 D(s.m.)
1051 2485 1096 2498 =
1122 2471 1168 2502 Si
1190 2472 1277 2502 vite
1304 2471 1352 2513 [p.
1365 2481 1410 2502 m.
1435 2470 1578 2503 fortasse

877 2520 980 2549 nostre
1014 2521 1071 2547 aut
1102 2525 1124 2547 n
1134 2518 1234 2547 atur
1245 2516 1274 2557 e]
1312 2525 1474 2556 compares
1505 2517 1527 2557 f.
1551 2526 1577 2548 s.

879 2561 906 2592 E
931 2559 1093 2604 quaedam
1120 2570 1194 2592 exx.
1217 2559 1307 2592 Pinc.
1331 2575 1377 2588 ==
1400 2562 1437 2592 si
1458 2564 1578 2593 rnatu-

877 2609 920 2638 're
940 2615 1104 2645 compares
1126 2606 1149 2646 f.
1173 2615 1198 2637 s.
1245 2604 1319 2636 Alia
1340 2605 1432 2637 Pinc.
1450 2621 1497 2634 ==
1517 2608 1579 2639 No·

879 2655 978 2683 stras
1002 2660 1174 2690 compares.
1220 2649 1313 2682 Pinc.
1338 2650 1378 2682 ei.
1393 2665 1439 2679 =
1455 2654 1580 2684 Nostra

879 2698 917 2728 si
940 2703 1113 2735 compares.
1151 2693 1212 2727 1³4.
1229 2694 1301 2727 Col.
1313 2697 1386 2728 Ort.
1399 2696 1475 2729 eod.
1488 2696 1579 2728 Ermi

882 2741 950 2775 {nx
960 2753 1007 2767 =
1017 2741 1109 2772 Nostr
1119 2750 1140 2772 a
1166 2741 1288 2782 [mOrt.
1300 2756 1345 2769 =
1355 2744 1439 2774 alias
1459 2752 1483 2775 n
1493 2750 1515 2773 a
1524 2745 1581 2774 tu-

880 2795 929 2819 ra
950 2787 1001 2818 vel
1022 2785 1223 2829 naturae]
1246 2795 1409 2828 compares
1433 2789 1496 2829 f·³·
1519 2785 1578 2819 1³3.

882 2831 1034 2866 zm&
1053 2845 1099 2858 =
1120 2832 1242 2864 Nostra
1274 2842 1462 2873 corpora
1487 2834 1581 2874 firma

883 2879 963 2909 sunt.
1011 2875 1108 2908 Rom.
1129 2875 1397 2911 Dal.=Nostra
1427 2887 1581 2919 corpo—
