1812 3184
546 218 730 259 NATUR.
763 217 974 268 QUAEST.
1005 216 1192 266 L18.1v‚
1227 223 1292 259 15.
1557 218 1642 270 603

193 331 324 385 dolet,
367 330 471 388 quod
488 330 668 388 spiritum
684 363 696 384 ,
736 331 838 387 quod
861 343 995 372 emere
1017 330 1141 372 solem
1162 344 1241 372 non
1266 344 1474 386 possumus
1488 363 1500 384 ‚
1539 333 1643 389 quod

193 399 260 444 hie
279 413 351 443 aer
373 399 492 444 etiam
513 399 692 441 delicatis
713 399 976 454 diuitibusqne
997 411 1051 440 ex
1074 398 1200 451 facili,
1241 413 1317 440 non
1341 407 1495 456 emptus
1516 402 1639 443 uenit.

194 466 232 512 0
253 482 368 525 quam
391 469 504 511 nobis
534 467 637 510 male
657 474 742 520 est,
786 467 890 523 quod
910 467 1115 522 quicquam
1137 480 1161 508 a
1183 480 1316 509 rernm
1339 474 1478 509 natura
1499 468 1540 509 in
1561 482 1643 510 mc-

193 536 258 582 dio
281 536 470 587 relictum
486 537 569 579 est!
612 534 701 577 Hoc
724 535 826 590 quod
848 535 914 577 illa
935 535 1058 576 fluere
1083 541 1124 576 et
1141 541 1277 591 patere
1298 535 1478 577 omnibus
1502 536 1641 588 uoluit,

193 604 305 647 cuius
326 604 507 647 haustum
533 603 640 646 uitae
663 603 857 659 publicum
882 602 998 653 fecit,
1040 601 1114 643 hoc
1136 603 1238 658 quod
1259 609 1336 644 tam
1358 603 1505 645 homini
1528 618 1644 659 quam

193 671 290 715 reris
308 671 524 727 suibusque
540 678 588 713 *et
604 670 856 712 inertissimis
877 669 1110 711 animalibus
1132 670 1173 712 in
1194 685 1307 712 usum
1327 670 1436 727 large
1458 685 1504 713 ac
1528 671 1644 714 beate

193 739 390 795 profudit,
421 745 560 780 contra
581 751 626 780 se
643 736 849 793 ingeniosa
870 737 1028 778 luxuria
1049 738 1203 793 redegit
1225 739 1272 780 ad
1292 739 1475 795 pretium.
1525 738 1644 782 Adeo
1661 750 1677 776 4

191 805 250 849 ini
270 805 368 848 nihil
386 805 542 861 placere
562 811 693 861 potest
711 804 787 846 nisi
805 818 957 846 carum.
1018 803 1149 846 Unum
1174 806 1247 847 hoo
1271 814 1360 849 erat
1380 807 1484 863 quod
1505 807 1646 849 diuites

193 872 236 916 in
255 886 422 928 aequum
446 872 585 914 turbae
608 872 845 924 deduceret,
886 885 964 927 quo
996 885 1075 914 non
1100 880 1263 928 possent
1285 876 1522 917 antecedere
1553 889 1647 931 pau-

194 941 433 998 perrimum:
463 940 520 982 illi
542 939 606 982 cui
625 940 784 982 diuitiae
808 939 998 981 molestae
1019 948 1113 982 sunt
1136 942 1403 997 excogitatum
1428 949 1491 984 est
1511 957 1647 998 quem-

195 1008 403 1051 admodum
434 1007 563 1057 etiam,
584 1014 747 1064 caperet
775 1020 875 1062 aqua
907 1007 1122 1050 luxuriam.
1185 1008 1353 1063 Quando
1383 1011 1430 1052 ad
1462 1011 1536 1053 hoc
1558 1025 1648 1067 per-

196 1083 357 1120 uentum
391 1075 468 1128 sit,
515 1082 558 1118 ut
590 1076 695 1118 nulla
730 1075 843 1117 nobis
878 1088 980 1130 aqua
1011 1075 1108 1116 satis
1141 1076 1282 1132 frigida
1313 1077 1516 1120 uideretur
1546 1092 1647 1134 quae

197 1144 353 1196 flueret,
385 1144 528 1186 dicam.
579 1141 777 1198 Quamdiu
793 1156 914 1185 sanus
935 1149 975 1184 et
993 1143 1164 1186 salubris
1180 1144 1255 1186 cibi
1277 1159 1405 1201 capax
1424 1147 1650 1190 stomachus

198 1219 262 1254 est
282 1212 558 1267 inpleturque,
599 1225 678 1253 non
704 1209 920 1267 premitur,
959 1211 1203 1253 naturalibus
1229 1213 1413 1255 fomentis
1440 1221 1650 1257 contentus

197 1286 284 1322 oetz
325 1279 392 1322 uhi
419 1278 626 1329 cotidianis
656 1278 913 1320 cruditatibus
943 1293 1022 1320 non
1048 1280 1234 1334 temporis
1257 1288 1417 1334 aestus,
1459 1283 1529 1324 sed
1553 1277 1649 1325 suos
1667 1296 1684 1323 ⁵

196 1347 342 1399 sentit,
375 1346 439 1389 nbi
459 1345 633 1389 ebrietas
653 1346 839 1387 continua
859 1346 1080 1388 uisceribus
1099 1347 1245 1389 insedit
1264 1356 1304 1390 et
1322 1351 1553 1405 praecordia
1570 1351 1650 1393 bile

197 1414 240 1457 in
262 1429 379 1471 quam
403 1414 573 1456 uertitur
591 1420 744 1465 torret,
776 1413 920 1468 aliquid
945 1415 1171 1456 necessario
1195 1417 1398 1471 quaeritur
1416 1433 1492 1473 quo
1513 1426 1649 1462 aestus

197 1482 265 1525 ille
289 1484 494 1539 frangatur
514 1482 579 1541 qui
603 1481 700 1538 ipsis
723 1481 836 1536 aquis
859 1481 1088 1546 incalescit,
1127 1484 1314 1526 remediis
1335 1485 1474 1527 incitat
1495 1487 1647 1529 uitium.

199 1548 337 1606 Itaque
364 1564 444 1591 non
471 1557 621 1592 tantum
652 1556 840 1601 aestate‚.
871 1550 940 1591 sed
967 1551 1093 1592 media
1122 1550 1250 1593 hieme
1278 1552 1409 1594 niuem
1436 1554 1508 1596 hac
1532 1569 1652 1597 causa

202 1618 356 1660 bibunt.
419 1615 532 1671 Quae
557 1617 671 1658 huius
693 1616 751 1658 rei
771 1630 891 1658 causa
910 1623 971 1658 est
990 1617 1065 1659 nisi
1086 1618 1316 1661 intestinum
1334 1622 1476 1663 malum
1499 1630 1540 1665 ct
1554 1624 1653 1666 luxu

204 1692 391 1742 corrupta
417 1684 647 1742 praec-ordia
676 1684 816 1740 quibus
846 1684 993 1726 nullum
1015 1685 1266 1728 interuallum
1289 1702 1471 1744 umquam
1494 1688 1654 1746 quo‘in-

201 1753 518 1811 terquiesoerent
546 1753 678 1794 datum
707 1759 794 1806 est,
840 1752 911 1794 sed
941 1753 1103 1809 prandia
1132 1754 1267 1796 coenis
1303 1770 1426 1812 usque
1455 1758 1496 1799 in
1526 1759 1652 1802 lucem

246 1868 333 1910 quod
353 1876 452 1901 mere
472 1868 568 1900 solem
586 1881 633 1896 =
656 1866 718 1899 Ee.
796 1866 857 1899 BG
870 1867 904 1902 §B
951 1868 1009 1899 Ee.

201 1935 241 1950 ο..
252 1914 287 1950 R
298 1928 343 1942 =
352 1913 438 1954 quod
459 1914 556 1946 solem
579 1922 689 1945 emere.

244 1979 328 2003 non
349 1969 600 2010 emptus--Ea
683 1968 905 2004 8958...δῖ

199 2012 334 2048 ζ--ιποο
357 2018 466 2046 emus.
510 2014 692 2055 G=quod
714 2016 906 2055 quisquam

1079 1867 1366 1905 BGQ...ST=
1392 1872 1506 1906 Unde
1529 1875 1574 1907 ad
1596 1875 1652 1908 hoc

948 1917 1131 1954 perventum
1155 1915 1205 1946 sit.
1253 1914 1284 1947 G
1301 1916 1415 1957 (mm)
1433 1936 1477 1942 —-
1495 1923 1653 1952 contentus

951 1964 1030 2002 post
1051 1960 1205 2000 fomentis.
1466 1971 1468 1974 ·

997 2003 1028 2037 5.
1054 2005 1080 2036 B
1103 2020 1148 2032 =
1175 2006 1235 2038 Ubi
1256 2008 1423 2041 cotidianis
1444 2011 1653 2043 cruditatiu-

202 2071 224 2093 a
245 2069 351 2093 rerum
373 2063 502 2092 natura.
539 2060 623 2091 B=
636 2061 724 2092 cuius
745 2061 907 2100 publicum

201 2107 287 2138 vitoe
308 2106 456 2138 haustum
477 2106 561 2146 fecit.
595 2105 782 2145 B=quam
805 2105 908 2145 ferae

203 2152 388 2191 animisque.
434 2150 629 2193 G(sm)=
649 2152 736 2191 large
758 2159 797 2182 ac
821 2151 908 2181 beate

202 2196 373 2238 profusit·

246 2247 281 2284 4.
302 2251 401 2290 ¹Adeo
422 2253 472 2284 illi
493 2253 572 2285 nihil
591 2254 717 2294 placere
741 2254 840 2293 potest
862 2265 910 2279 =

202 2296 251 2330 Ee
262 2296 329 2329 mG
354 2297 388 2340 (e
399 2312 444 2325 =
455 2308 477 2330 η
488 2297 544 2341 il).
616 2297 646 2329 G
659 2315 703 2322 —
715 2299 851 2338 placere.
883 2297 908 2328 B

205 2343 239 2378 Β
250 2365 289 2378 ...
300 2342 389 2378 ,πε-
400 2344 485 2375 Adeo
499 2344 577 2375 nihil
593 2345 693 2384 potest
709 2344 757 2374 illi
773 2343 910 2382 placere.

249 2408 312 2440 quo
332 2407 396 2431 non
416 2402 541 2439 possent
563 2399 740 2431 antecedere
771 2407 910 2439 pauper-

205 2444 324 2476 mum
335 2457 382 2471 =
393 2443 481 2475 BEG
495 2443 554 2475 Gr·
565 2444 637 2478 &ro
648 2466 687 2478 σοι
701 2443 748 2477 R·
817 2443 851 2477 Q
863 2456 910 2470 =

206 2497 268 2530 quo
289 2497 360 2521 nec
380 2491 499 2529 posset
521 2489 699 2520 antecedere
719 2497 819 2528 paup.
845 2487 910 2522 el.

138 2556 142 2559 -
206 2547 254 2562 =
263 2543 324 2574 quo
347 2543 368 2565 u
378 2543 399 2565 n
410 2543 428 2565 o
450 2544 472 2565 n
483 2542 498 2565 e
509 2543 525 2565 c
543 2536 667 2574 possent
681 2536 780 2579 antec.
790 2542 824 2573 p.
846 2533 908 2567 ΘΔ.

208 2601 219 2614 .
233 2602 269 2614 0.
283 2579 342 2615 24.
360 2582 395 2617 -1-
418 2588 478 2620 quo
511 2588 589 2611 uno
614 2588 677 2611 non
705 2581 830 2619 possent
852 2587 911 2609 an-

208 2627 264 2657 teo.
285 2633 320 2664 p.

252 2683 350 2713 etiam
371 2683 496 2721 caperet
517 2690 604 2720 aqua
627 2681 790 2712 luxuriam
805 2693 851 2707 =
863 2679 911 2711 Ee

208 2725 386 2761 mGssOEl.
457 2726 482 2757 B
502 2742 533 2749 —
553 2735 652 2766 aqua.
701 2724 730 2756 G
755 2743 798 2748 —
820 2734 914 2765 cape-

209 2774 266 2804 ret.
312 2770 377 2807 (22.
389 2791 402 2805 0
413 2793 425 2806 0
437 2794 447 2805 .
457 2770 490 2806 st
504 2785 549 2798 =
562 2772 659 2802 etiam
681 2779 767 2811 aqua
790 2772 914 2811 caperet

210 2817 388 2849 luxuriam.

258 2862 438 2902 Quando
459 2861 505 2894 ad
526 2861 584 2894 hoc
603 2863 785 2902 perventum
810 2862 850 2893 sit
868 2874 914 2888 ==

950 2051 1070 2082 nibus.
1105 2051 1130 2081 B
1142 2065 1188 2078 ==
1200 2054 1228 2083 et
1236 2055 1426 2092 praecordia
1438 2056 1497 2087 bile
1514 2057 1546 2087 in
1556 2065 1654 2096 quam

951 2098 1136 2128 vertuntur
1168 2100 1320 2129 torrent.
1388 2098 1418 2130 G
1439 2114 1485 2127 =
1507 2104 1536 2132 et
1557 2110 1653 2141 prae-

954 2141 1065 2172 cordia
1087 2142 1143 2173 lis
1168 2141 1197 2185 [s
1216 2142 1270 2183 ω]
1298 2144 1332 2174 in
1354 2153 1452 2184 quam
1477 2144 1506 2190 [s
1527 2147 1652 2188 quem]

953 2187 1083 2218 vertitur
1107 2189 1214 2227 torqu
1225 2190 1252 2219 et
1276 2189 1385 2229 (sm).
1423 2189 1483 2223 P3.
1495 2191 1595 2226 2351.
1609 2206 1655 2219 =

955 2234 981 2263 et
1013 2233 1168 2271 praecord
1180 2233 1192 2263 i
1203 2242 1223 2264 a
1234 2234 1269 2265 le
1302 2235 1336 2266 in
1371 2244 1390 2275 q
1400 2245 1421 2267 u
1432 2246 1450 2267 ο
1460 2237 1482 2268 d
1526 2238 1656 2268 vertitur

954 2278 1057 2308 torret.
1082 2273 1140 2309 P-'}.
1154 2292 1200 2304 =
1211 2281 1238 2309 et
1249 2281 1404 2318 praecord
1415 2282 1456 2312 ia
1466 2283 1484 2312 b
1494 2283 1540 2313 ile
1558 2291 1656 2321 quam

954 2324 1150 2353 vertuntur.
1198 2322 1268 2354 Col.
1280 2338 1326 2351 =
1338 2328 1365 2356 et
1385 2327 1657 2364 praecordialis

954 2367 995 2397 in
1006 2376 1024 2406 q
1035 2375 1056 2397 u
1066 2375 1086 2397 a
1096 2376 1129 2397 m
1145 2369 1287 2400 vertitur.
1321 2371 1344 2400 B
1356 2383 1399 2396 =
1411 2372 1557 2403 remediis
1578 2381 1612 2403 m
1622 2374 1634 2403 i
1644 2390 1658 2396 -

954 2411 1041 2441 tiat
1062 2412 1184 2443 vitium.

1001 2457 1108 2495 ltaque
1129 2467 1193 2489 non
1215 2459 1337 2491 tautum
1358 2463 1530 2493 aestate=
1543 2462 1601 2494 Ee.

958 2499 1015 2532 BG
1027 2501 1059 2535 223
1072 2523 1110 2537 ..0
1122 2502 1154 2536 R
1170 2517 1216 2530 =
1234 2505 1342 2545 ltaque
1363 2516 1426 2539 non
1448 2510 1564 2541 aestate
1585 2510 1657 2541 tan-

954 2549 1032 2578 tum.

1002 2591 1057 2623 sed
1079 2593 1184 2624 media
1211 2594 1308 2626 hieme
1319 2610 1365 2623 =
1380 2596 1488 2629 BEeG
1498 2597 1598 2633 ΒΘ.

959 2635 1022 2671 (ξῖ.
1034 2659 1072 2671 u.
1087 2637 1120 2671 st
1136 2642 1169 2676 4-
1186 2640 1241 2670 sed
1258 2643 1294 2671 et
1316 2643 1423 2673 media
1445 2643 1553 2676 hieme.
1577 2644 1657 2676 B=

956 2684 984 2713 et
1005 2686 1155 2722 corrupta
1174 2685 1254 2716 luxu
1283 2689 1483 2725 praecordia.
1531 2688 1659 2723 G=et

958 2728 1016 2758 lus
1027 2737 1048 2758 u
1068 2732 1248 2769 prerupta
1273 2731 1283 2771 [
1297 2730 1362 2763 hoc
1383 2743 1427 2765 cr.
1445 2745 1479 2763 ω
1494 2733 1508 2778 ]
1531 2744 1657 2775 precor-

958 2772 1025 2803 dia.
1072 2772 1156 2802 B—
1174 2784 1326 2815 umquam
1348 2783 1427 2820 post
1447 2781 1660 2813 intervallum.

962 2815 1044 2849 Cod.
1068 2816 1232 2852 Fratrum.
1255 2820 1339 2853 Min.
1363 2821 1410 2866 (in
1429 2824 1531 2870 razu)
1547 2840 1592 2854 =
1607 2835 1660 2858 us-

961 2871 1018 2903 que
1043 2863 1076 2894 in
1098 2865 1198 2897 lucem
1225 2868 1422 2906 productis.
