1812 3184
286 177 369 227 576
727 183 781 223 L.
813 183 1010 226 ANNAm
1040 171 1269 229 sarincae

252 314 255 317 ¹
286 294 409 348 stitit,
447 301 490 337 ut
508 295 754 337 exclamares
774 295 975 338 inuenisse
997 302 1036 338 tc
1056 296 1398 354 inexpugnabilem
1427 299 1552 342 uirum
1575 299 1715 342 aduer-

236 381 264 408 ιι
285 377 353 405 sus
378 363 538 405 insidias
556 377 652 418 quas
674 377 788 419 nemo
811 377 889 405 non
909 364 951 405 in
974 363 1099 406 sinum
1125 366 1277 422 recipit.
1319 366 1399 409 Ἐο
1421 359 1575 422 quideui
1592 367 1715 424 magis

286 431 385 475 hanc
406 431 490 473 eius
515 431 755 487 prudentiam
778 437 817 472 et
838 431 880 473 in
901 432 1084 473 euitando
1105 433 1318 475 ineuitabili
1339 434 1443 476 malo
1462 435 1714 490 pertinaciam

286 506 324 540 te
347 499 547 554 suspicere
570 499 775 539 confessus
797 512 839 540 es
854 531 865 551 ‚
899 500 987 555 quia
1003 514 1238 556 speraueras
1259 514 1374 557 posse
1393 501 1540 557 apertis
1555 500 1714 545 nuribus

284 566 430 621 recipi,
474 565 650 620 quamuis
683 566 823 607 blanda
853 566 1029 619 diceres,
1075 568 1164 622 quia
1197 582 1292 610 uera
1323 568 1503 611 dicebas..
1556 566 1716 615 Sestion

284 633 406 689 magis
436 632 630 674 intellexit
659 633 904 675 obstandum.
966 633 1132 690 Semper
1154 635 1256 676 enim
1284 635 1389 677 falsis
1409 649 1433 677 a
1455 649 1563 678 uero.
1573 635 1717 692 petitur

282 700 444 742 ueritas.
504 699 611 741 Nolo
639 707 767 741 tamen
790 701 856 741 tibi
883 701 1110 756 displiceas,
1151 703 1260 757 quasi
1282 703 1382 744 male
1406 702 1537 758 egeris
1557 703 1715 746 mimum

284 775 324 809 et
338 767 447 823 quasi
466 767 531 808 ille
553 767 694 822 aliquid
718 767 891 809 iocorum
914 775 982 809 aut
1002 769 1078 809 doli
1096 769 1312 823 suspicatus
1338 770 1404 811 sit.
1461 768 1558 812 Non
1577 771 1714 827 depre—

236 852 268 880 12
285 835 418 876 bendit
437 842 474 876 te
488 866 499 886 ,
533 835 602 875 sed
623 835 779 890 repulit.
824 834 889 876 Ad
905 836 978 876 hoc
999 836 1202 891 exemplar
1224 850 1461 892 conponere.
1504 834 1607 880 Cum
1626 837 1713 893 quis

282 903 331 944 ad
356 909 396 944 te
417 902 594 943 adulator
614 903 850 954 accesserit,
882 902 1025 943 dicitoz
1067 901 1087 943 I
1108 909 1173 954 tu,
1204 903 1280 944 ista
1303 903 1425 945 uerba
1444 917 1544 958 quae
1567 904 1644 946 iam
1665 905 1714 959 ab

281 970 358 1011 alio
375 970 603 1023 magistratu
622 969 668 1008 ad
687 969 804 1009 alium
820 983 906 1009 cum
922 969 1122 1010 lictoribus
1141 975 1346 1010 transeunt
1365 970 1467 1011 ferto
1483 970 1532 1011 ad
1548 970 1715 1029 aliquem

283 1037 348 1092 qui
372 1036 479 1090 paria
501 1036 671 1076 facturus
697 1036 780 1075 uult
804 1035 985 1090 quicquid
1009 1035 1158 1076 dixeris
1184 1037 1334 1077 audire.
1392 1035 1481 1090 Ego
1506 1040 1580 1079 nee
1609 1037 1715 1079 deci-⁴

284 1103 378 1159 per'e
400 1102 583 1149 uolo‘nec
608 1101 732 1157 decipi
751 1116 924 1157 possum.
985 1100 1159 1143 Laudari
1185 1117 1246 1144 me
1270 1117 1294 1144 a
1317 1103 1458 1155 uobis,
1485 1103 1562 1146 nisi
1581 1104 1715 1147 lauda-

282 1170 378 1212 retis
414 1169 531 1211 etiam
568 1169 716 1221 malos,
763 1169 918 1210 uellem.
980 1168 1086 1223 Quid
1119 1176 1248 1211 autem
1283 1183 1449 1212 necesse
1484 1171 1626 1213 estin:
1640 1170 1714 1214 hoc

282 1237 546 1288 descendere,
589 1243 631 1277 ut
657 1243 698 1277 te
721 1243 855 1291 petere
885 1236 1061 1278 cominus
1087 1237 1266 1292 possint?
1303 1236 1484 1293 Longum
1513 1237 1619 1280 inter
1640 1252 1713 1280 uos

279 1304 528 1346 interuallum
553 1303 620 1343 sit.
681 1301 780 1344 Cum
805 1304 973 1359 cupieris
993 1304 1094 1345 hene
1115 1304 1261 1344 laudari
1275 1335 1286 1355 ,
1326 1317 1446 1359 quare
1467 1304 1541 1346 boc
1560 1304 1629 1346 ulli
1645 1304 1713 1347 de-

282 1372 407 1413 beas?
435 1371 519 1426 ipse
541 1377 580 1411 te
602 1370 731 1411 lauda.
764 1370 851 1410 dic:
883 1369 1131 1411 Liberalibus
1153 1384 1215 1411 me
1238 1371 1376 1412 studiis
1394 1370 1548 1423 tradidi,
1567 1376 1713 1427 *quam-

283 1453 398 1494 quam
422 1443 628 1493 paupertas
659 1437 732 1477 alia
763 1437 948 1478 suaderet
977 1444 1016 1478 et
1038 1437 1236 1492 ingenium
1266 1437 1478 1479 abduceret
1505 1437 1571 1480 ubi
1590 1451 1712 1493 prae-

282 1551 381 1583 Grut.
430 1549 559 1590 G(soe)
572 1552 662 1580 =ut
682 1550 898 1581 eaeclamaret.
945 1548 975 1579 G

283 1597 378 1637 (sm)
392 1610 436 1622 =
451 1598 478 1626 te
500 1595 767 1634 inpuynabitem.

330 1639 383 1672 11.
413 1641 505 1675 ὣς
527 1642 555 1670 te
579 1640 798 1677 suscipere
821 1638 976 1678 confessus

282 1694 325 1719 οε.
370 1686 403 1719 Q*
416 1699 459 1712 =
476 1685 591 1724 apertis
614 1684 734 1717 auris
757 1684 863 1722 recipi.
908 1681 975 1713 mG

282 1745 326 1757 =
348 1739 467 1770 semper
488 1730 570 1760 enim
603 1728 693 1768 falsis
727 1736 830 1758 auro
861 1728 976 1766 petitur

279 1777 406 1807 veritas.
453 1774 557 1815 Bong.
584 1772 640 1803 Gr.
659 1773 692 1806 Q
714 1786 761 1799 =
781 1773 872 1811 quasi
893 1773 976 1803 male

281 1821 379 1861 egeris
401 1820 583 1851 nimium.
609 1816 672 1851 (sl.
685 1839 722 1850 ⁴..
735 1818 767 1850 (ἕ
779 1833 824 1839 -
835 1818 976 1848 mimum.

284 1865 316 1897 G
326 1865 420 1904 (sm)
434 1878 479 1890 =
491 1864 668 1902 suspicatus
691 1871 729 1893 es
739 1865 761 1892 t.

329 1908 382 1941 12.
408 1908 511 1939 Gron.
527 1906 566 1938 ci.
587 1920 632 1934 =
653 1909 687 1938 et
711 1907 834 1945 repulit.
881 1904 974 1937 Chiss.

282 1955 383 1986 =ad
407 1955 462 1986 hoc
484 1953 643 1992 exemplar
664 1960 825 1991 compone
852 1953 896 1982 te.
941 1952 974 1985 §B

282 2014 328 2027 ==
342 2001 420 2031 Cum
440 2000 509 2038 quis
529 1998 572 2029 ad
585 2000 612 2028 te
629 1997 805 2028 adulatoru
816 2005 846 2026 m
861 2005 932 2027 acce
943 2005 975 2028 r-

281 2045 364 2076 serit.

327 2089 345 2120 I
366 2091 427 2126 lu,
460 2088 521 2117 ista
542 2086 637 2116 verba
659 2093 738 2124 quae
761 2086 827 2115 iam
849 2086 888 2115 ab
911 2086 974 2115 alio

281 2133 469 2172 ma9istratu
501 2130 544 2160 ad
576 2130 676 2159 alium
708 2137 777 2158 cum
819 2130 974 2159 lictoribus

279 2178 439 2209 transeunt
460 2176 560 2215 ferto
583 2174 626 2203 ad
647 2173 783 2211 aliquem
805 2173 858 2211 qui
877 2173 973 2211 paria

280 2223 421 2262 facturus
443 2220 508 2251 vult
538 2218 685 2258 quicquid
715 2217 832 2247 dixeris
863 2218 973 2247 audire

282 2281 328 2293 =
346 2265 436 2297 Pinc.
461 2275 491 2297 v.
511 2262 534 2294 l.
561 2261 633 2305 (sed
656 2260 814 2292 nonnulla
832 2271 903 2293 exx.
925 2275 971 2287 =

281 2309 385 2352 ferte)
412 2310 438 2344 ᾧ
452 2330 463 2342 .
479 2331 488 2342 .
501 2330 511 2342 .
525 2307 580 2341 24.
608 2306 682 2349 (δῶ
695 2321 738 2332 =
761 2309 863 2337 transe
874 2305 971 2346 ant).

281 2355 402 2399 probat
423 2353 518 2385 Grut.
591 2350 675 2382 G=
691 2352 757 2383 Vis
780 2353 814 2381 tu
828 2352 889 2381 isla
906 2359 973 2381 ver-

282 2404 322 2432 ba
345 2409 423 2440 quae
453 2400 518 2430 iam
551 2398 590 2428 ab
623 2397 686 2427 alio
719 2397 908 2435 magistratu
930 2395 974 2426 od

282 2447 379 2477 alium
404 2453 475 2475 cum
493 2442 650 2473 lictoribus
674 2442 855 2471 transeant
881 2438 970 2482 [sm]

282 2492 373 2531 ferte
407 2490 450 2519 ad
474 2489 629 2526 aliquam
652 2486 753 2524 quia
779 2483 818 2526 [s.
833 2495 876 2515 m.
901 2486 969 2525 qui]

278 2536 374 2576 paria
397 2535 537 2574 facturus
558 2531 624 2562 vult
656 2530 801 2569 quicquid
835 2530 974 2560 dixerit

282 2581 401 2611 audire⁴
431 2578 544 2608 Gn:
561 2576 626 2606 Vis
647 2577 680 2605 tu
702 2576 765 2604 isla
786 2575 889 2604 verba.
912 2572 970 2605 1²3.

280 2639 325 2652 =
350 2623 512 2664 friyide
535 2621 600 2652 vel
623 2619 736 2658 serre
759 2619 802 2649 ad
826 2620 970 2658 aliquem.

281 2666 338 2701 P4.
362 2668 432 2699 Col.
456 2681 500 2694 =
524 2666 633 2705 ferre
656 2665 699 2694 ad
721 2664 866 2702 aliquem.
887 2671 896 2690 ·.
912 2660 971 2694 Ρ3.

278 2728 323 2740 =
334 2715 386 2752 qui
407 2712 504 2751 paria
526 2711 668 2750 facturus
682 2709 748 2739 vult
763 2708 909 2747 quicquid
922 2708 972 2738 di-

277 2759 371 2790 xerit
394 2758 515 2787 audire.
562 2750 619 2784 P4.
640 2751 711 2783 Col.
732 2766 778 2779 =
797 2753 891 2792 quia
910 2761 972 2791 pa-

276 2799 341 2835 ria*
349 2802 490 2842 facturus
513 2800 579 2830 vult
601 2798 748 2837 quicquid
770 2798 884 2828 dixerit
912 2805 971 2828 au-

1019 1549 1096 1580 dire.
1141 1549 1175 1583 §13
1197 1562 1243 1575 =
1270 1550 1340 1580 Vis
1372 1551 1406 1580 tu
1438 1550 1500 1581 ista
1521 1549 1617 1582 verba
1633 1559 1713 1590 quae

1019 1594 1085 1624 iam
1109 1595 1148 1624 ab
1170 1595 1233 1624 alio
1248 1595 1440 1633 magistratu
1458 1594 1502 1626 ad
1524 1595 1623 1625 alium
1641 1604 1714 1627 cum

1019 1639 1228 1669 victoribus
1265 1639 1477 1671 transeant?
1521 1639 1633 1671 Ferte
1666 1641 1711 1680 ad

1019 1683 1154 1722 aliquem
1176 1684 1230 1722 qui
1247 1685 1344 1722 paria
1376 1684 1517 1723 facturus
1537 1684 1604 1714 vult
1624 1685 1711 1723 quic--

1019 1728 1095 1767 quid
1117 1728 1247 1759 dixerit
1278 1728 1400 1760 audire.
1439 1726 1554 1763 .(⁵,1.2.
1573 1741 1621 1757 =
1645 1730 1711 1762 Vis

1019 1775 1052 1802 tu
1074 1773 1135 1803 ista
1157 1773 1270 1811 verba,
1302 1781 1381 1811 quae
1405 1774 1469 1804 iam
1492 1774 1532 1804 ab
1554 1774 1618 1805 alio
1639 1782 1709 1805 ma·

1019 1818 1151 1856 9istratu
1167 1817 1210 1847 ad
1226 1818 1325 1848 alium
1339 1826 1410 1849 cum
1430 1818 1588 1849 lictoribus
1606 1820 1708 1850 trans-

1020 1865 1127 1900 eant,
1151 1862 1262 1901 ferre
1284 1862 1328 1892 att
1342 1863 1495 1901 aliquem,
1511 1861 1707 1904 quia[(5‘2.

1019 1905 1142 1948 =qui]
1164 1907 1258 1945 paria
1281 1907 1432 1946 facturus,
1455 1907 1538 1946 vult,-
1558 1907 1707 1946 quicquid

1019 1952 1178 1990 dixerit,
1212 1951 1333 1982 audire.
1364 1950 1622 1987 ,OEto.··«ff=
1641 1952 1708 1983 Vis

1019 1999 1052 2027 tu
1079 1997 1140 2026 ista
1161 1996 1266 2034 verba,
1289 2004 1369 2034 quae
1384 1996 1450 2027 iam
1473 1996 1514 2026 ab
1529 1996 1592 2027 atio
1605 1997 1709 2036 inagi-

1017 2043 1118 2071 stratu
1140 2040 1183 2071 ad
1206 2041 1306 2071 atium
1326 2049 1397 2072 cum
1419 2040 1574 2072 lictoribus
1605 2043 1708 2072 trans-

1018 2087 1110 2123 eunt,
1142 2085 1159 2124 f
1165 2094 1179 2115 e
1190 2093 1254 2115 rre
1287 2085 1330 2115 ad
1352 2086 1507 2124 aliquem,
1539 2086 1593 2124 qui
1611 2086 1709 2124 paria

1016 2130 1175 2168 facturus,
1200 2130 1265 2159 vult
1286 2130 1432 2168 quicquid
1452 2130 1591 2169 dixeris,
1613 2130 1708 2162 audi-

1016 2173 1076 2203 re?
1110 2171 1231 2213 probat
1260 2171 1363 2203 Gron.
1408 2171 1468 2203 sed
1493 2171 1532 2204 ci.
1557 2187 1602 2201 =
1623 2176 1707 2205 tam

1016 2217 1089 2258 alio,
1104 2217 1291 2256 magistratu
1322 2217 1367 2247 ad
1398 2218 1497 2247 atium
1527 2219 1705 2256 quam-li-

1015 2264 1138 2292 ctores.
1185 2259 1299 2291 P5.=
1313 2261 1429 2299 Quod
1452 2264 1556 2293 autem
1587 2270 1706 2294 necesse

1016 2308 1070 2344 est,
1091 2306 1201 2336 nihil
1223 2306 1413 2336 descendere.
1441 2304 1706 2346 Col.=quic-

1017 2350 1117 2389 quid
1151 2351 1280 2380 etium
1311 2358 1429 2381 necesse
1452 2353 1495 2381 est
1516 2351 1550 2382 in
1571 2351 1628 2382 boo
1651 2351 1707 2382 de-

1016 2395 1167 2426 scendere.
1214 2395 1247 2428 §B
1263 2408 1308 2421 =
1327 2395 1441 2433 Quod
1463 2398 1567 2426 autem
1587 2403 1707 2427 necesse

1016 2442 1069 2471 est.
1118 2438 1148 2470 G
1162 2440 1194 2473 §23
1215 2453 1261 2465 =
1282 2442 1316 2470 ut
1336 2441 1364 2469 te
1389 2441 1490 2478 petere
1521 2440 1708 2479 quominus

1013 2485 1144 2523 possint.
1189 2482 1273 2515 Anio
1301 2481 1540 2516 Chifl.==inter
1561 2493 1635 2516 nos
1657 2485 1706 2519 ine

1015 2529 1178 2559 ten-vallum
1200 2530 1249 2560 sii.
1295 2528 1321 2559 E
1335 2528 1429 2569 (sm)
1440 2545 1485 2553 --
1496 2537 1544 2560 me
1565 2533 1642 2571 post
1652 2528 1706 2559 Li-

1015 2574 1177 2604 beralibus.
1223 2574 1271 2604 Ee
1290 2587 1336 2599 =
1357 2582 1549 2612 quamquam
1568 2580 1707 2612 pauper

1020 2615 1091 2660 [1²4.
1107 2615 1178 2649 Col.
1191 2616 1361 2660 QQ1.=]
1379 2619 1498 2649 alias
1519 2618 1702 2649 vaderet.

1017 2660 1131 2694 P3.=
1143 2663 1210 2693 alia
1231 2672 1251 2693 υ
1263 2663 1315 2694 ad
1326 2665 1420 2694 eret.
1469 2661 1498 2692 G
1510 2661 1602 2693 Fort.
1621 2673 1671 2692 ω.

1062 2710 1090 2738 et
1109 2708 1267 2746 ingenium
1288 2708 1506 2738 abduceret=
1518 2703 1566 2738 P4
1588 2705 1650 2741 (32.
1663 2726 1702 2741 m

1017 2751 1062 2785 (55.
1131 2751 1212 2782 EeG
1223 2749 1281 2783 P3.
1299 2750 1369 2783 Col.
1388 2749 1486 2786 atel.
1506 2765 1552 2778 =
1567 2753 1596 2782 et
1617 2751 1704 2790 inqe-

1014 2797 1102 2827 m'um
1123 2805 1141 2828 ο
1151 2797 1168 2828 b
1178 2797 1311 2828 duceret.
1357 2796 1403 2830 §.m
1418 2818 1427 2829 .
1439 2818 1448 2830 .
1463 2817 1472 2829 .
1485 2793 1542 2830 24.
1553 2796 1634 2826 τοῦ
1654 2795 1702 2827 in-
