1812 3184
286 188 370 231 550
737 189 780 229 L.
811 188 1007 230 ANNAEI
1039 187 1267 230 SENECAE

287 313 366 341 non
382 298 464 341 fatti
483 300 644 342 credent
663 299 691 341 ii
709 298 848 355 quibus
868 299 1070 341 balnearia
1091 299 1176 342 sine
1192 300 1284 356 igne
1303 301 1498 342 calefiunt.
1551 299 1720 360 Spiritus

287 366 329 408 in
345 366 411 407 illa
432 367 591 409 feruens
615 367 702 409 loeo
721 367 915 409 aestuanti
936 366 1176 408 infunditur:
1208 367 1270 408 hio
1290 381 1360 423 per
1370 368 1478 409 riuos
1490 368 1622 424 lapsus
1638 380 1721 410 non

288 433 403 474 aliter
419 447 533 488 quam
549 435 639 489 igne
660 434 812 476 subdito
834 434 1004 491 parietes
1025 441 1065 475 et
1085 446 1178 476 uasa
1195 433 1323 476 balnei
1341 434 1533 476 ealefacit.
1581 431 1721 477 Omnis

289 499 456 555 denique
485 501 626 556 frigida
654 501 818 543 transitu
849 508 1020 542 mutatur
1047 501 1088 542 iu
1113 501 1273 543 calidam
1303 514 1377 542 nee
1403 500 1520 542 trabit
1544 508 1722 558 saporem

288 579 311 608 e
339 568 573 622 uaporario,
618 569 708 624 quia
737 569 869 610 clausa
902 568 1132 624 perlabitur.
1194 566 1362 622 Quidam
1400 567 1725 624 existimant‘per

226 648 228 650 ’
286 631 374 674 loca
402 635 584 689 sulphure
606 636 722 691 plena
744 642 937 677 exeuntes
963 635 1028 677 uel
1048 635 1294 677 introeuntes
1318 648 1439 689 aquas
1464 635 1635 677 calorem
1655 635 1724 678 be·

288 700 428 742 neflcio
450 701 638 744 materiae
662 716 732 758 per
761 717 874 757 quam
894 703 1017 743 fluunt
1040 702 1211 743 trahere.
1263 702 1363 756 quod
1389 701 1474 757 ipso
1504 701 1626 744 odore
1652 715 1723 758 gu-

288 772 428 821 stuque
466 775 681 811 testantur:
725 770 892 810 reddunt
930 769 1032 810 enim
1074 769 1295 823 qualitatem
1333 768 1417 809 eius
1454 782 1529 824 qua
1565 768 1722 811 caluere

288 834 492 876 materiae.
554 835 671 891 Quod
693 850 742 877 ne
768 836 947 877 accidere
969 835 1147 876 mireris:
1181 835 1294 876 uiuae
1316 835 1412 876 calci
1432 848 1570 890 aquam
1590 835 1722 877 infun·

287 899 351 951 de,
379 901 562 944 feruebit.
615 901 757 944 XXV.
791 902 994 956 Quaedam
1015 914 1139 955 aquae
1158 902 1380 943 mortiferae
1397 909 1489 942 sunt
1508 914 1582 942 nee
1601 902 1722 944 odore

287 967 482 1009 notabiles
502 981 576 1009 neo
599 982 757 1023 sapore.
818 966 934 1009 Circa
950 967 1194 1008 Nonacrium
1214 968 1254 1008 in
1274 967 1447 1008 Arcadia
1467 965 1573 1023 Styx
1594 968 1724 1024 adpel-

286 1031 365 1076 lata
384 1033 433 1073 ab
453 1033 593 1075 incolis
613 1035 784 1075 aduenas
804 1034 915 1086 fallit,
947 1033 1035 1088 quia
1057 1048 1135 1074 non
1156 1034 1272 1085 facie,
1304 1047 1383 1074 non
1405 1034 1526 1075 odore
1543 1041 1724 1090 suspecta

285 1105 375 1140 est:
421 1100 550 1154 qualia
581 1107 671 1142 sunt
699 1114 928 1155 magnorum
959 1100 1147 1141 artificum
1177 1113 1329 1141 uenena
1358 1113 1467 1155 quae*
1487 1101 1723 1157 deprehendi

286 1165 361 1206 nisi
384 1174 509 1208 morte
540 1181 618 1208 non
649 1174 826 1222 possunt.
888 1165 999 1208 Haec
1021 1174 1150 1209 autem
1176 1167 1223 1208 de
1249 1181 1323 1221 qua
1347 1167 1461 1222 paulo
1490 1175 1581 1210 ante
1606 1169 1721 1210 retuli

286 1244 388 1286 aqua
411 1247 558 1275 summa
586 1235 787 1275 celeritate
809 1235 1046 1289 corrumpit:
1089 1248 1163 1275 nec
1184 1234 1356 1276 remedio
1376 1234 1486 1275 loeus
1506 1242 1592 1287 est,
1633 1236 1721 1290 quia

286 1299 464 1353 protinus
491 1301 631 1342 hausta
658 1302 841 1353 duratur,
885 1315 957 1342 nee
984 1301 1099 1341 aliter
1122 1314 1236 1355 quam
1267 1314 1428 1356 gypsum
1459 1301 1530 1342 sub
1559 1302 1720 1344 humore

253 1379 269 1408 2
287 1367 570 1422 constringitur
586 1375 626 1408 et
645 1368 788 1422 adligat
808 1368 976 1408 uiscera.
1028 1366 1106 1408 Est
1124 1374 1252 1407 autem
1275 1366 1395 1407 noxia
1415 1370 1516 1426 aqua
1532 1367 1573 1409 in
1591 1367 1720 1410 Thes-

281 1454 308 1485 B
325 1469 371 1482 =
384 1457 470 1488 Idem
491 1460 574 1488 terra
596 1457 751 1488 existimat
773 1457 840 1496 fieri
862 1458 976 1496 Empe-

280 1500 392 1532 docles.
441 1500 472 1531 G
484 1502 517 1535 §B
530 1523 541 1535 0
554 1523 564 1535 .
578 1523 588 1535 .
601 1501 633 1536 St
644 1515 688 1528 =
707 1502 794 1532 Idem
815 1502 871 1531 sub
893 1504 976 1532 terra

278 1544 371 1583 Emp.

322 1598 412 1628 quem
435 1598 495 1621 non
518 1590 588 1629 salli
620 1590 692 1621 cred
701 1598 716 1621 e
724 1596 745 1621 n
756 1592 767 1620 t
798 1590 831 1619 ii
863 1590 974 1628 quibus

277 1632 441 1664 balnearia
452 1633 517 1665 sine
533 1635 603 1673 ἕρπε
618 1635 818 1673 calefiunt=
834 1631 873 1663 ci.
886 1632 975 1664 Pinc.

279 1676 307 1710 ΕΞ
317 1697 355 1710 ..ι
369 1677 415 1711 st.
485 1677 574 1709 Pinc.
586 1689 617 1709 v.
628 1677 651 1709 1.
663 1692 708 1705 =
721 1687 812 1718 quem
828 1686 890 1709 non
905 1678 975 1718 salli

278 1722 366 1753 crede
377 1723 394 1752 b
403 1731 424 1753 a
434 1725 478 1754 nt
497 1724 521 1753 ii
542 1724 653 1762 quibus
678 1735 711 1752 ω
720 1746 727 1754 .
775 1723 799 1752 Β
819 1736 865 1749 =
885 1731 975 1761 quem

276 1774 337 1797 non
348 1767 419 1806 salli
439 1768 545 1798 oredeb
554 1776 575 1798 a
583 1777 605 1799 n
614 1770 636 1798 t.
661 1770 702 1799 in
718 1769 829 1807 quibus
844 1768 918 1797 batn
928 1775 942 1797 e
953 1775 975 1797 a

277 1818 353 1850 sup
365 1820 403 1842 er
425 1813 532 1851 ignea
555 1815 595 1842 ta
606 1812 723 1852 lefiunt.
770 1812 816 1842 Ee
830 1825 873 1838 =
885 1820 975 1850 quem

276 1863 338 1886 non
361 1856 431 1894 falli
453 1857 542 1888 crede
554 1857 570 1886 b
581 1865 602 1887 a
612 1859 662 1888 nt.
708 1859 751 1888 In
773 1857 885 1896 quibus
907 1857 974 1886 bal-

275 1901 387 1930 nearia
409 1902 564 1940 calefiunt.
612 1900 702 1932 GGr.
716 1900 814 1935 ffiffl.
828 1915 871 1927 =
883 1908 974 1939 quem

276 1952 338 1975 non
361 1944 431 1983 falli
453 1946 566 1976 credet>
578 1953 598 1975 a
607 1949 661 1976 nt.
707 1947 724 1977 Ι
732 1955 753 1977 n
776 1946 886 1984 quibus
906 1945 974 1975 bal-

275 1989 385 2019 nearia
420 1991 485 2020 sine
519 1991 590 2029 igne
621 1991 776 2030 calefiunt.
835 1988 905 2024 (ἕῖ.
926 2002 971 2015 =

275 2033 366 2071 quem
392 2040 454 2064 non
484 2035 555 2072 falli
589 2035 660 2065 cred
669 2043 684 2065 e
695 2036 712 2064 b
722 2043 741 2065 a
751 2044 772 2065 π
782 2037 804 2065 t.
854 2035 971 2072 Quibus

280 2086 331 2106 ω.
367 2075 504 2107 Fortun.
520 2075 558 2107 ci.
570 2091 613 2103 =
626 2087 716 2116 quem
730 2087 791 2109 non
815 2079 886 2116 falli
906 2086 972 2108 cre-

275 2120 398 2158 dunt,
422 2122 532 2159 quibus
548 2132 597 2150 ω.

317 2173 375 2203 per
409 2166 471 2196 riv
481 2174 521 2196 os
543 2167 651 2204 lapsus
671 2179 716 2192 =
741 2164 799 2195 BG
813 2163 871 2195 P4.
897 2163 968 2195 Col.

275 2208 335 2243 (31.
350 2230 359 2240 .
375 2209 519 2243 ..(ἓθῖιι
533 2209 579 2244 ὅῗ.
650 2208 708 2241 Ρ3.
723 2218 835 2248 :per
868 2217 970 2239 unos

272 2254 390 2293 lapsus.
436 2253 483 2284 Ee
496 2272 534 2277 -
552 2256 645 2286 rivos.
687 2255 721 2288 §23
732 2268 777 2281 =
786 2262 843 2292 per
865 2254 918 2283 im
927 2262 944 2283 o
955 2261 970 2283 s

272 2299 390 2337 lapsus.
438 2298 753 2338 fflt...(35ro=per
776 2299 900 2329 tubos
923 2298 971 2327 la-

268 2351 355 2381 psus.
382 2340 460 2373 Brit.
474 2340 542 2376 ffil.
554 2342 588 2376 2.
601 2353 677 2382 =p
690 2352 704 2374 e
715 2346 804 2374 rtus
814 2351 831 2373 ο
854 2343 971 2380 lapsus.

271 2387 394 2428 Β(εω)
415 2404 448 2410 ——
463 2388 557 2418 trahil
580 2393 655 2419 ante
680 2396 834 2427 saporem.

316 2436 460 2471 saporem
477 2440 492 2462 e
511 2441 531 2463 v
542 2441 591 2472 ap
603 2442 643 2464 or
654 2434 720 2463 ari
732 2434 749 2464 o
760 2446 804 2459 =
815 2430 853 2462 ci.
866 2430 970 2462 Gron.

274 2475 353 2519 [ms]
371 2475 432 2506 sed
451 2475 524 2517 ipse
538 2476 707 2519 reprobat.
777 2475 864 2507 BEG
876 2474 969 2506 Fort.

274 2520 344 2552 Col.
359 2522 392 2554 Q
405 2543 414 2555 .
428 2544 438 2554 .
451 2543 460 2554 .
472 2520 540 2555 ffll.
556 2522 611 2555 ffiu
624 2522 656 2555 st
668 2531 776 2552 =nec
799 2521 892 2552 trahit
903 2523 907 2526 ”
918 2528 970 2550 sa-

266 2574 375 2604 porem
398 2574 440 2597 ev
451 2575 498 2605 ap
510 2575 527 2597 ο
537 2567 663 2598 ratio.
699 2563 756 2597 1³4.
776 2579 821 2592 τ-
831 2573 885 2595 nec
906 2567 972 2594 tra-

270 2611 312 2640 hit
334 2619 353 2641 v
366 2619 501 2649 aporem
524 2619 628 2650 evap
641 2619 684 2642 or
696 2612 796 2642 atio.
844 2606 902 2639 P3.
926 2624 971 2633 --

273 2663 288 2684 e
319 2656 499 2693 vaporario.
556 2655 659 2686 Gron.
684 2654 725 2686 ci.
747 2653 819 2689 QZ
844 2667 888 2680 =
916 2660 970 2684 nec

271 2700 385 2729 tradit
404 2708 547 2738 saporem
571 2700 841 2739 evaporatio.
887 2697 970 2728 E==

269 2744 345 2781 quia
369 2744 476 2774 clausa
501 2746 523 2783 ῑ)
536 2745 576 2775 la
587 2745 679 2775 bitur.
724 2745 757 2778 §B
777 2758 822 2771 =--
842 2750 943 2782 prae
957 2759 970 2764 ·

272 2788 396 2818 labitur.
439 2787 519 2818 EeG
529 2787 586 2820 1³3.
602 2787 672 2820 Col.
687 2787 785 2823 Qffl.
800 2806 842 2813 —
855 2795 968 2818 exeun-

1021 1459 1075 1488 tes.
1121 1456 1145 1486 B
1157 1455 1250 1487 Fort.
1263 1453 1321 1488 P4.
1340 1467 1374 1485 m
1383 1478 1391 1486 .
1439 1456 1464 1486 Β
1476 1470 1523 1484 .--
1544 1465 1646 1497 aquas
1668 1459 1719 1490 be-

1020 1501 1098 1540 nefic
1108 1501 1119 1531 i
1129 1510 1150 1531 u
1161 1509 1192 1531 m
1223 1502 1373 1532 materiae
1405 1509 1463 1540 per
1489 1510 1587 1541 quam
1615 1504 1718 1534 trans·

1021 1554 1036 1576 e
1047 1548 1119 1576 unt
1151 1546 1280 1576 trahere.
1329 1544 1358 1575 G
1371 1546 1484 1586 (mm)
1507 1559 1551 1572 =
1573 1547 1717 1586 beneficio

1019 1592 1219 1620 naturae.
1266 1586 1324 1620 1³3.
1350 1593 1385 1626 ÷
1414 1590 1558 1622 Reddam
1589 1591 1718 1622 ettam

1022 1636 1103 1664 enim
1126 1635 1318 1672 qualitatem.
1364 1631 1422 1666 P4.
1436 1648 1481 1661 ===
1500 1635 1666 1667 Reddam
1687 1644 1719 1667 e·

1019 1679 1084 1709 nim
1103 1679 1188 1717 qual.
1216 1677 1286 1709 Col.
1297 1692 1343 1705 =
1355 1679 1444 1710 Redd
1453 1688 1468 1711 e
1478 1688 1517 1711 re
1539 1681 1621 1711 enim
1633 1681 1719 1719 qual.

1064 1731 1128 1761 qua
1149 1723 1452 1755 caluere==BEe.
1522 1723 1597 1758 (ΜΞ
1611 1746 1647 1758 .-
1661 1724 1718 1759 03

1019 1779 1064 1793 =
1084 1775 1147 1806 qua
1170 1768 1304 1798 calueru
1315 1779 1337 1799 η
1346 1771 1367 1799 t.
1416 1767 1446 1799 G
1458 1769 1565 1807 (tt-m.)
1578 1781 1624 1796 ==
1641 1777 1661 1808 q
1671 1776 1718 1800 ue

1018 1821 1040 1842 n
1050 1820 1064 1842 e
1073 1820 1088 1842 c
1112 1812 1250 1842 accidere
1272 1814 1405 1844 mireris.
1456 1811 1600 1854 (ἕρπω)
1612 1827 1657 1840 =
1669 1814 1718 1845 in·

1018 1856 1113 1895 funde
1135 1865 1151 1887 c
1163 1856 1202 1886 al
1214 1857 1289 1887 ebit.

1259 1932 1338 1976 Cap.
1364 1934 1477 1966 XXV.

1064 1987 1088 2017 B
1100 2001 1146 2014 =
1160 1997 1215 2020 nec
1238 1997 1349 2028 sapore
1371 1990 1533 2022 notabiles.

1065 2033 1156 2063 Circa
1185 2034 1274 2065 Nona
1287 2035 1378 2065 criu
1391 2033 1486 2064 m'==
1506 2033 1569 2069 (ΕΙ.
1593 2033 1716 2078 probat

1018 2075 1112 2107 Grut.
1186 2077 1208 2107 B
1220 2091 1266 2104 =
1281 2078 1377 2110 circa
1398 2079 1619 2119 Nonagriam.
1666 2079 1715 2110 Ee

1016 2134 1060 2146 =
1085 2121 1175 2151 Circa
1194 2123 1413 2154 Nonacriam.
1461 2123 1492 2154 G
1505 2123 1597 2155 Fort.
1621 2125 1656 2159 {B
1667 2138 1714 2151 =

1018 2165 1108 2194 Circa
1130 2166 1263 2196 Nonacri
1272 2176 1292 2196 n
1302 2174 1366 2196 um.
1413 2165 1472 2199 P3.
1485 2165 1636 2199 &Circa
1649 2169 1713 2199 Νο-

1014 2208 1215 2238 vacrinum.
1262 2206 1319 2239 1²4.
1334 2223 1377 2235 ==
1400 2211 1490 2242 Circa
1516 2212 1712 2242 Novatri-

1014 2260 1108 2282 num.
1148 2251 1218 2283 Col.
1230 2267 1274 2279 =
1289 2253 1380 2285 Circa
1404 2263 1511 2286 nova
1530 2264 1711 2287 curvum.

1016 2295 1154 2326 Fortun·
1179 2296 1219 2327 Οἱ.
1243 2298 1304 2331 82,
1318 2320 1328 2331 ο
1342 2320 1352 2331 ο
1366 2320 1377 2331 o
1388 2298 1421 2332 R
1432 2314 1478 2327 =
1493 2300 1583 2330 Circa
1606 2301 1711 2331 Nona·

1017 2342 1119 2371 crin.
1169 2341 1197 2372 G
1212 2343 1306 2381 (sm)
1329 2356 1374 2369 =
1395 2344 1427 2374 in
1454 2344 1633 2375 Archadie.
1681 2343 1711 2375 G

1019 2384 1105 2425 (sm)
1120 2387 1252 2425 ==quia
1275 2387 1315 2417 in
1338 2388 1429 2427 facie.
1477 2388 1559 2418 B===
1578 2397 1654 2419 neo
1677 2397 1711 2419 o-

1016 2430 1100 2461 dore.
1127 2430 1249 2469 B(s<x>)
1262 2445 1306 2457 =
1316 2440 1413 2471 ma9n
1423 2441 1523 2464 arum
1545 2433 1711 2472 artificum.

1017 2472 1106 2515 quod
1129 2473 1309 2508 admodum
1331 2475 1450 2518 placet.
1486 2478 1508 2508 Β
1526 2493 1559 2502 -·
1573 2479 1617 2508 eat
1636 2482 1712 2518 pout

1016 2520 1111 2550 locus.
1158 2518 1215 2550 P3.
1228 2534 1274 2546 =
1285 2522 1360 2560 quia
1382 2531 1456 2560 pro
1487 2521 1585 2554 c'uiu
1595 2530 1611 2552 a
1632 2522 1711 2553 hau-

1016 2565 1066 2594 sta
1089 2563 1245 2595 duratum
1267 2565 1346 2595 B==
1352 2568 1495 2605 protinus
1516 2567 1630 2598 hausta
1651 2566 1711 2596 du-

1015 2610 1085 2638 rat
1113 2606 1180 2649 [=
1202 2609 1293 2640 Fort.
1319 2607 1375 2641 1³4.
1395 2611 1500 2652 p.m.]
1536 2619 1591 2642 nec
1620 2611 1711 2642 aliter

1015 2661 1110 2690 quam
1132 2662 1266 2692 yypsum
1294 2655 1512 2695 constringitur
1542 2657 1570 2686 et
1601 2655 1710 2694 alliyat

1016 2698 1070 2726 sub
1106 2697 1231 2729 humore
1263 2709 1329 2729 om.
1357 2701 1486 2732 viscera.
1531 2698 1644 2730 Bamb.
1662 2710 1709 2726 ετ-

1014 2741 1159 2816 ἷῐαναιι.
1177 2764 1205 2816 ,1.
1232 2745 1439 2784 const-rinyit.
1482 2743 1602 2786 probat
1622 2740 1706 2775 Lud.

1032 2795 1112 2816 anus
1150 2809 1156 2816 .
1196 2809 1202 2816 .
