1800 3190
576 655 667 700 AD
726 616 1105 721 Lucanum

154 718 388 824 'QuARE
422 758 660 823 ALIQUA
696 759 1084 807 INCOMMODA
1118 756 1304 807 130le
1343 759 1506 807 Unus

296 836 613 888 ACCIDANT
647 838 780 886 CUM
815 837 1241 887 PROUIDENTIA
1274 837 1383 885 slT.

225 1005 262 1049 Ι.
296 1005 501 1062 Quaesisti
526 1022 548 1050 a
578 1023 666 1061 me,
697 1008 850 1062 Lucili,
884 1009 974 1064 quid
996 1007 1072 1060 ita,
1115 1008 1148 1049 si
1172 1006 1418 1064 prouidentia
1451 1023 1563 1050 mun-

162 1099 259 1130 και
278 1099 391 1139 Incipit
421 1099 467 1130 ad
497 1099 665 1131 Lucilium.
713 1101 819 1139 Quare

115 1143 438 1184 aliqua-‘mommoda
459 1144 547 1175 bonis
566 1145 645 1177 viris
659 1146 816 1176 accidant.

114 1187 402 1220 cmmdenlia
421 1189 470 1219 sit.
515 1188 639 1220 Muret.
651 1200 693 1220 ex
712 1190 819 1221 Siculo

114 1230 230 1265 laudnt
249 1233 356 1272 Quare
376 1233 464 1264 bonis
484 1233 563 1264 viris
583 1235 717 1264 multa
736 1243 817 1264 ma-

116 1278 160 1310 la
187 1277 347 1311 accidant.
379 1287 463 1319 quae
486 1276 602 1308 eadem
627 1283 704 1309 sunt
727 1277 817 1320 apud

115 1318 274 1355 Lactant.
319 1321 403 1353 lust.
422 1320 465 1360 V,
488 1319 553 1361 22,
581 1319 635 1354 11.
655 1321 708 1354 ed.
730 1323 812 1354 Biin.

117 1365 186 1400 Sed
199 1374 263 1399 uec
283 1364 364 1398 sutis
385 1372 538 1398 accurate
546 1366 698 1399 Muretus
716 1377 816 1410 agere

116 1410 262 1454 videtur,
285 1415 320 1442 et
340 1410 536 1443 Lactantius
556 1422 689 1444 sensum
710 1418 816 1454 curat,

116 1463 186 1489 non
214 1454 340 1488 verba:
372 1454 463 1499 quod
483 1455 608 1488 docent
631 1456 732 1489 etiam
764 1468 815 1496 ea,

142 1511 204 1533 uae
223 1499 338 1533 laudat
354 1511 395 1532 ex
413 1500 479 1532 hoc
495 1500 620 1533 libello.
654 1502 683 1534 G
694 1517 739 1531 =
750 1505 816 1535 Ex-

154 1547 163 1555 “
183 1547 191 1554 ’
225 1547 303 1578 liber
321 1546 470 1586 septimus
490 1548 585 1579 annei
606 1546 688 1579 lucii
705 1548 817 1580 Senece

117 1590 157 1623 de
171 1590 336 1632 benefieiis.
358 1591 471 1630 Incipit
488 1592 564 1623 liber
580 1593 720 1624 eiusdem
733 1594 816 1632 pri-

116 1642 207 1668 mun
228 1635 276 1667 de
296 1636 585 1675 providentia
607 1637 676 1667 dei
698 1638 743 1669 ad
767 1639 817 1668 lu-

118 1679 198 1713 cufi
229 1683 302 1712 cum
332 1677 514 1711 niundus
535 1681 736 1719 providentia
755 1690 816 1712 re-

117 1726 259 1766 gatur.
299 1731 398 1763 quare
418 1724 553 1755 multa
590 1726 709 1756 mala
730 1727 817 1757 bonis

117 1770 198 1801 vbis
215 1768 374 1800 accidant.
417 1768 445 1799 B
465 1781 510 1795 =
529 1769 623 1801 Liber
644 1771 738 1801 annei
759 1771 816 1801 Se-

117 1821 190 1847 nece
217 1813 262 1845 ad
293 1813 485 1844 Lucillum.
530 1822 602 1845 cum
635 1815 816 1846 mundus

116 1857 272 1890 divina
290 1857 492 1897 providerim
516 1861 695 1898 regatur
717 1857 816 1898 quar‘e

115 1903 253 1935 inulta
284 1902 401 1933 mala
433 1902 520 1934 bonis
556 1904 636 1935 viris
668 1904 816 1935 accidant

115 1947 170 1980 De
191 1948 262 1980 dei
280 1947 580 1987 providentia.
626 1947 817 1980 V=Lucii

116 1993 212 2025 cnaei
242 1992 355 2024 smne
391 1993 674 2025 cordubensis
704 1994 817 2033 Incipit

116 2037 193 2070 lwet-
221 2045 293 2069 cum
325 2036 508 2069 mundus
535 2039 738 2077 providentia
758 2047 815 2070 re-

116 2084 248 2123 gutur
261 2089 359 2122 quare
379 2080 467 2114 bonis
485 2083 563 2114 viris
581 2084 716 2115 mulla
735 2092 816 2114 ma—

116 2128 160 2159 la
181 2127 346 2159 accidunt
368 2126 413 2158 ad
431 2127 606 2159 lucillum.
653 2128 818 2160 D=An-

115 2172 169 2205 mi
199 2171 276 2203 lucii
308 2179 412 2203 senece
445 2173 737 2206 cordubensis
771 2174 819 2205 de

115 2216 273 2250 divina
301 2217 590 2257 providentia
622 2219 819 2250 mundum

116 2264 291 2302 recente
313 2263 350 2293 et
371 2262 483 2293 bona
506 2262 628 2295 bonis
648 2266 685 2295 et
703 2265 818 2295 mala

115 2307 246 2338 mulis
267 2306 487 2338 tribuente
521 2307 634 2339 liber
653 2310 821 2348 primus

116 2351 230 2391 W
256 2351 395 2391 feliciter.
441 2351 469 2382 E
482 2353 652 2392 =lncipil
673 2355 751 2385 liber
773 2354 819 2384 de

116 2395 408 2436 providentia
440 2397 486 2428 ad
517 2397 705 2429 lucillium.
747 2407 820 2430 cum

116 2440 297 2473 mundus
315 2441 518 2480 providentia
537 2445 718 2482 reyatur
738 2452 818 2483 qua-

116 2491 152 2517 n
170 2485 287 2517 mala
308 2485 398 2517 bonis
414 2486 563 2518 accidant
583 2488 671 2519 viris.
719 2488 750 2520 Τ
772 2501 819 2515 =

117 2529 231 2568 ma
255 2529 383 2561 Liber
404 2531 579 2562 Primus
602 2532 650 2563 de
676 2534 819 2572 provi-

117 2572 271 2604 dentia
303 2573 374 2604 dei
407 2575 453 2605 ad
483 2575 691 2608 Lucillium.
741 2578 820 2609 Cum

117 2617 515 2657 mundunprovidentia
530 2623 719 2660 regatur,
740 2630 820 2661 qua-

117 2662 304 2694 remulco
326 2662 443 2693 mala
466 2663 554 2694 bonis
567 2664 646 2696 viris
661 2666 819 2696 accidant.

119 2707 308 2750 g-Annei
326 2706 420 2738 Lucii
440 2707 566 2739 Senece.
599 2708 645 2739 ad
662 2708 821 2740 Lucilium

119 2751 168 2784 de
198 2751 488 2791 providentia
522 2752 677 2785 divina
710 2754 820 2785 liber

121 2796 241 2838 incipit.
286 2793 346 2829 P2.
365 2809 412 2826 ει
429 2797 542 2837 Incipit
563 2798 677 2831 liber
700 2798 819 2831 Sene-

866 1106 938 1132 cae
972 1100 1021 1132 de
1057 1099 1204 1131 mundi
1235 1100 1565 1140 gubernatione,

863 1145 1167 1176 Providentia
1213 1145 1421 1184 divina‚·
1467 1153 1565 1185 quare

862 1190 995 1220 mulla
1029 1189 1142 1220 mala
1166 1189 1254 1220 bonis
1275 1190 1353 1220 viris
1376 1189 1564 1230 accidujnt.

862 1231 923 1264 P3.
934 1239 980 1260 ·=
991 1234 1104 1272 Incipit
1127 1233 1209 1264 lib'e
1220 1243 1237 1265 r
1253 1234 1389 1265 Senecae
1411 1234 1492 1265 deP
1502 1243 1563 1265 ro-

861 1278 1065 1309 videntia
1088 1278 1163 1308 Dei
1186 1278 1231 1308 ad
1253 1278 1454 1308 Lucillum.
1499 1274 1560 1310 1²4.

860 1336 906 1349 =
928 1323 1040 1361 Incipit
1072 1322 1182 1353 liber
1202 1322 1373 1360 primus
1396 1323 1443 1353 de
1467 1323 1564 1354 Pro-

860 1367 1062 1398 videntia
1084 1367 1162 1398 Dei
1185 1367 1230 1397 ad
1253 1367 1452 1409 Lucillium.
1490 1377 1564 1400 cum

860 1413 1042 1443 mundus
1060 1412 1348 1451 providentia
1371 1415 1562 1452 reyatur,

860 1465 958 1497 quare
987 1457 1125 1488 multa
1151 1457 1269 1487 mala
1298 1457 1385 1488 bonis
1406 1458 1485 1488 viris
1508 1466 1563 1488 ac-

861 1502 981 1533 cidant.
1031 1499 1102 1531 Col.
1125 1514 1170 1527 =
1190 1502 1244 1532 De
1268 1501 1562 1534 Providentia

861 1547 1021 1578 divina
1042 1546 1087 1577 ad
1106 1546 1311 1577 Lucillium.
1359 1546 1491 1576 Ort.=
1508 1547 1563 1579 In-

862 1591 937 1630 cipit
968 1591 1148 1622 libellus
1181 1591 1317 1622 Senecae
1350 1591 1398 1622 de
1417 1593 1562 1630 provi-

861 1636 1009 1667 dentia
1030 1636 1196 1667 divina.
1247 1633 1327 1666 Cod.
1351 1634 1562 1668 Dal.-.=De

861 1680 1159 1711 Providentia
1192 1681 1270 1711 Det
1312 1680 1362 1711 Ad
1392 1681 1562 1712 Lucilium.

861 1725 983 1756 Trono.
996 1738 1040 1750 ==
1056 1725 1134 1755 Cum
1155 1732 1189 1754 m
1198 1733 1221 1754 u
1229 1734 1251 1756 n
1260 1725 1282 1755 d
1292 1732 1338 1755 us
1359 1725 1566 1757 Providentia

860 1771 1051 1808 reyalur,
1065 1777 1163 1808 quare
1185 1770 1316 1800 multa
1339 1771 1457 1801 mala
1474 1771 1563 1802 bonis

838 1827 843 1832 -
859 1814 938 1844 viris
959 1813 1116 1844 accidant.
1163 1812 1197 1847 §n
1208 1824 1222 1847 4
1233 1835 1244 1847 .
1257 1834 1269 1846 .
1282 1814 1316 1847 §13
1328 1827 1374 1840 =
1388 1814 1480 1846 Lucii
1494 1815 1563 1849 An-

859 1859 911 1889 nei
931 1857 1065 1889 Senecae
1084 1857 1196 1888 liber
1215 1859 1324 1898 incipit
1346 1859 1392 1890 de
1413 1859 1565 1891 mundi

859 1902 1178 1943 gubernatione
1222 1903 1378 1936 divina
1416 1904 1563 1943 provi-

861 1947 1019 1979 dentia.
1079 1947 1134 1978 Et
1177 1948 1383 1986 qualiter
1425 1949 1562 1981 multa

860 1993 975 2023 mala
998 1992 1085 2023 bonis
1112 1992 1191 2023 viris
1220 1993 1395 2024 accidunt.
1444 1993 1559 2028 (31...

863 2037 1059 2071 55=Lucii
1078 2037 1177 2068 Annei
1199 2037 1334 2069 Senecae
1357 2039 1412 2069 De
1442 2038 1561 2071 Mun-

862 2083 906 2114 di
930 2083 1247 2114 Gubernatione
1269 2083 1432 2114 Divina
1454 2084 1563 2115 Pro-

861 2128 1079 2166 videntia,
1114 2127 1162 2158 Et
1188 2127 1390 2166 Qualiter
1421 2129 1560 2160 Multa

863 2173 981 2204 Mala
1012 2172 1110 2204 Bonis
1134 2173 1215 2204 Viris
1235 2173 1406 2206 Accidunt
1433 2173 1562 2204 Liber

868 2218 990 2249 Unus.
1037 2216 1564 2257 ⁵2th=L-AnnaeiSenecae‚<1ua-

863 2271 896 2294 re
918 2263 1006 2294 bonis
1026 2262 1103 2293 viris
1126 2262 1243 2293 mala
1264 2263 1411 2294 accidant
1432 2271 1505 2295 cum
1523 2263 1564 2294 sit

861 2307 1072 2347 providentia,
1095 2307 1221 2339 Liber
1243 2316 1359 2339 unus.
1391 2305 1563 2341 &009820

865 2353 959 2383 =L.
980 2353 1102 2383 Annaei
1115 2352 1565 2384 SenecaeDeProviden-

865 2399 947 2436 tia,
973 2397 1073 2428 Sive
1098 2397 1203 2435 Quare
1225 2397 1320 2428 Bonis
1345 2397 1427 2428 Viris
1447 2397 1566 2428 Mala

865 2442 1039 2480 Accidant,
1076 2442 1156 2473 Cum
1178 2441 1228 2472 Sit
1248 2442 1474 2480 Providentia,
1501 2441 1566 2473 Li—

865 2488 936 2518 ber
956 2487 1077 2518 Unus.
1123 2486 1177 2520 Qu
1199 2499 1244 2512 =
1266 2486 1305 2517 L.
1327 2487 1449 2518 Annaei
1472 2485 1567 2517 Sene·

865 2540 920 2563 cae
951 2531 1005 2563 De
1037 2531 1328 2563 Providentia
1359 2531 1489 2562 Liber
1516 2530 1566 2561 U-

864 2585 952 2607 nus.
998 2575 1137 2607 Praeter
1171 2576 1257 2607 Unus
1289 2573 1431 2606 eundem
1461 2572 1567 2606 libelli

866 2618 1003 2651 titulum
1027 2630 1100 2651 esse
1123 2618 1230 2651 voluit
1252 2619 1279 2650 F
1282 2618 1400 2651 ischer.

1150 2696 1231 2748 Cep.
1256 2697 1284 2729 1.

910 2752 939 2784 E
964 2766 1009 2781 =
1033 2753 1254 2792 Quesivisti.
1313 2754 1416 2790 et...
1434 2751 1499 2788 (ἔῖ.
1527 2757 1562 2791 -l-

867 2798 1025 2830 divina
1046 2799 1383 2839 providentialcontra
1398 2804 1502 2831 mstos
1518 2805 1567 2831 et-

1214 2842 1279 2885 1*
