1812 3184
268 178 353 223 486

718 180 762 220 L.
793 179 989 226 ANNAEI
1020 179 1249 221 SENECAE

240 299 257 326 8
274 288 515 346 frequentius
542 298 645 333 mota
674 291 789 333 aliter
817 305 891 333 nos
915 291 1104 347 aliterque
1140 292 1391 348 prospiciunt.
1451 290 1642 357 Ceterum
1665 299 1706 336 et

270 358 334 401 illu
355 373 454 414 quae
474 366 542 401 aut
559 359 707 401 inmota
724 365 816 402 sunt
834 366 902 402 aut
918 367 1077 416 propter
1098 359 1343 402 uelocitatem
1365 360 1551 403 uniuerso
1571 374 1703 418 parem

270 423 430 468 inmotis
453 427 594 468 similia
624 442 701 469 non
724 434 838 470 extra
862 427 923 469 ius
951 427 1240 483 dominiumque
1264 428 1388 470 nostri
1409 428 1516 471 sunt.
1573 427 1703 471 Alites

272 493 428 549 adspice
459 501 499 536 et
527 495 740 536 distributis
774 508 856 537 rem
898 495 1036 536 officiis
1072 502 1213 536 tracta.

1277 494 1391 537 'Nou‘
1412 496 1538 554 magis
1573 503 1702 540 autem

271 560 384 602 facile
420 569 481 603 est
519 562 621 603 scire
659 563 747 618 quid
777 563 928 619 possint
961 577 1073 618 quam
1111 562 1278 604 dubitari
1314 563 1429 605 debet
1456 577 1507 606 au
1536 564 1700 620 possint.

269 625 480 669 XXXIII.
511 627 630 671 Nunc
655 631 702 672 ad
726 630 884 672 fulmina
908 637 1155 672 reuertamur
1179 645 1342 686 quorum
1362 645 1429 673 ars
1449 631 1492 673 in
1511 627 1615 686 haec,
1630 632 1704 675 tria

269 694 481 745 ‚diuiduum
528 698 845 752 quemadmodum
864 749 866 751 V
883 698 1181 753 exploremus,
1225 699 1544 753 quemadmodum
1573 700 1704 744 iuter·

263 767 512 816 pretemur,
542 765 860 819 quemadmodum
880 778 1116 808 exoremus.
1174 764 1307 807 Prima
1326 779 1415 822 pars
1433 767 1481 808 ad
1498 767 1701 809 formulam
1741 818 1743 820 ,

269 831 464 884 pertinet,
504 833 674 874 secunda
699 833 747 874 ad
770 832 1072 884 diuinationem,
1105 833 1222 874 tertia
1243 833 1289 874 ad
1313 833 1578 889 propitiandos
1606 835 1701 876 deos

268 910 366 950 quos
389 897 492 939 hono
518 899 676 941 fulmine
701 913 842 955 rogare
865 907 1043 955 oportet,
1074 899 1175 940 malo
1201 900 1428 955 deprecari:
1459 896 1644 955 rogareJ
1659 909 1704 944 ut

267 964 459 1017 promissa
474 965 643 1018 firment,
664 967 880 1021 deprecari,
902 974 945 1008 ut
958 967 1158 1008 remittant
1172 966 1312 1007 minas.
1358 965 1565 1009 XXXIV.
1585 965 1703 1010 Sun-

283 1115 285 1117 ·
312 1110 404 1141 aliter
434 1119 491 1142 nos
523 1114 687 1152 aliterque
709 1114 900 1153 prospiciunt
918 1126 964 1140 =

269 1153 318 1184 Ee
328 1153 388 1186 sG.
456 1155 483 1185 B
502 1170 547 1183 =
566 1158 656 1189 aliter
681 1167 737 1189 nos
761 1158 850 1189 aliter
873 1159 964 1189 alia

264 1200 468 1238 prospiciunt.
516 1201 620 1233 GCol.
635 1201 733 1237 §BOEL
746 1216 789 1229 =
799 1204 889 1235 aliter
907 1212 964 1235 nos

267 1244 359 1274 aliter
380 1246 593 1278 animalia
613 1249 817 1287 prospiciunt.
851 1245 908 1279 1³3.
923 1251 957 1286 -Ι-

223 1299 229 1305 «
268 1289 359 1319 aliter
380 1298 437 1320 nos
456 1290 604 1332 aliterque
637 1294 726 1324 alia
755 1294 961 1332 prospiciunt.

267 1330 361 1363 Fort.
384 1333 446 1367 (ἐῖ.
460 1357 471 1369 .
483 1357 494 1370 .
506 1357 518 1370 .
531 1334 599 1370 Ql.
610 1337 667 1371 {Ru
680 1337 714 1372 ἇῗ
724 1351 769 1364 =
782 1338 872 1369 aliter
893 1347 960 1378 nos,

266 1377 356 1409 aliter
369 1381 512 1411 celera
527 1382 958 1421 animaliaprospiciunt.

264 1418 321 1452 P4.
335 1420 402 1455 &320
414 1437 456 1450 =
469 1426 559 1456 aliter
580 1435 636 1466 nos
645 1448 655 1464 ,
679 1427 769 1457 aliter
791 1435 840 1458 an
850 1427 862 1457 i
871 1435 902 1457 m
912 1435 932 1457 a
944 1444 958 1451 ·

263 1465 327 1496 lia
350 1469 442 1498 alia
462 1471 665 1509 prospiciunt.

307 1518 339 1553 8.
364 1522 440 1553 Β-
457 1527 484 1556 et
506 1530 585 1566 post
608 1526 757 1558 Celerum.

308 1579 450 1611 universo
484 1589 596 1620 parem
617 1595 662 1608 =
688 1582 736 1612 Ee
754 1581 858 1624 Bong.
882 1581 955 1613 cod.

262 1623 343 1663 Ops.
369 1623 518 1664 [Memm.
529 1624 575 1668 ?].
616 1626 739 1668 probat
761 1627 883 1668 Opsop.
931 1627 957 1657 B

259 1664 352 1698 Fort.
377 1667 439 1702 (ξὶ).
451 1691 460 1702 .
473 1691 485 1702 .
497 1691 507 1702 .
520 1670 553 1704 ἇῗ
577 1674 612 1708 -Ι-
639 1672 783 1703 universo
805 1680 837 1702 m
848 1680 869 1702 u
878 1681 899 1702 n
909 1671 957 1702 do

255 1719 377 1750 parem.
426 1712 457 1744 G
476 1711 536 1746 P3.
561 1713 594 1746 4.
618 1716 651 1750 ᾖς
664 1716 726 1750 (sl.
744 1729 790 1743 =
813 1717 956 1748 universo

259 1761 290 1786 m
299 1765 320 1787 u
331 1766 352 1788 n
360 1758 382 1788 d
392 1767 409 1789 o
439 1768 518 1798 pare
527 1763 577 1791 nt.
635 1759 706 1792 Col.
737 1774 783 1788 =
811 1762 956 1794 immerso

258 1803 408 1833 mundo
431 1807 624 1843 apparet.
664 1804 858 1837 Scal.==in
880 1815 954 1837 nos

256 1853 419 1886 quoque
441 1849 490 1880 ius
512 1852 549 1881 et
572 1850 745 1882 dominium
760 1851 919 1882 habeat.

301 1902 431 1934 Alites
462 1905 590 1944 adspice
623 1909 651 1937 et
685 1907 856 1938 distributis
887 1914 953 1937 rem

256 1945 429 1986 officiis
450 1952 577 1980 tracta.
623 1950 675 1982 Ita
708 1949 842 1993 scripsi,
871 1949 948 1989 dum

254 1989 391 2022 meliora
410 1991 491 2023 alius
510 1992 682 2026 invenerit.
715 1995 776 2027 EG
787 1995 877 2030 Eort.
889 1993 948 2027 P3.

255 2031 315 2065 1³3.
339 2034 410 2066 Col.
436 2036 514 2068 Brit.
537 2040 570 2072 ’Β
674 2038 741 2073 §BL
764 2054 810 2067 =
829 2041 948 2072 Aliud

257 2075 350 2120 [Bn‘t.
374 2094 419 2107 =
444 2083 567 2122 Alius]
601 2083 705 2122 aspice
728 2087 755 2114 el
777 2085 950 2116 distributis

253 2130 317 2153 rem
341 2125 511 2164 efficis,
538 2129 666 2158 tractas.
713 2127 738 2157 B
759 2129 948 2159 =Aliud

254 2166 381 2208 adspice
404 2167 470 2211 [sp.
491 2170 571 2213 vc.].
595 2173 663 2202 Non
684 2174 796 2212 magis.
842 2172 946 2212 Bong.

253 2225 299 2238 =
320 2214 438 2245 Aliud
480 2217 675 2255 anspiret
710 2219 738 2248 et
773 2217 946 2248 distributis

251 2265 317 2287 rem
340 2258 489 2297 efficis
511 2262 654 2292 tractas.
701 2258 758 2292 1³4.
778 2261 882 2295 fflust
902 2275 946 2287 =

254 2302 381 2333 Aliud
404 2305 527 2343 aspice,
551 2308 577 2336 el
600 2305 771 2337 distributis
793 2315 857 2337 rem
876 2306 945 2345 offi-

252 2346 483 2385 ciis,.lraclas.
527 2349 563 2380 P.
586 2348 692 2380 Faber·
711 2349 880 2392 (Semestr.
902 2350 944 2387 II,

254 2386 319 2432 16.)
346 2390 386 2422 ci.
403 2406 449 2420 =
472 2395 495 2424 A
509 2393 598 2425 liud
623 2396 728 2434 aspice
748 2398 775 2426 et
798 2395 944 2426 distribu-

251 2436 290 2466 tis
310 2445 376 2467 rem
398 2439 510 2478 officiis
531 2441 642 2470 tracta.
687 2439 824 2471 Fortun.
850 2436 944 2471 ci.=

255 2480 363 2512 Unde
395 2484 510 2513 illud
533 2485 657 2523 aspice,
693 2486 817 2516 etiam
840 2486 944 2516 distri-

251 2525 330 2556 butis
356 2528 536 2567 effectus
562 2537 707 2567 raros,
741 2528 795 2560 vel
831 2528 943 2560 Unde

250 2570 447 2607 aspicimus
480 2581 528 2603 ex
551 2574 722 2604 distributis
743 2583 808 2605 res
833 2574 944 2613 effe-

249 2615 315 2644 ctu
348 2625 491 2655 raras,
526 2616 577 2648 vel
601 2618 728 2649 Aliud
759 2620 884 2658 aspice,
918 2621 945 2649 et

246 2665 292 2687 ex
315 2659 485 2692 distributis
516 2671 581 2693 res
611 2663 773 2702 effectu
806 2671 943 2694 raras.

248 2700 307 2750 sed
326 2712 368 2732 ne
392 2703 461 2745 ipse
475 2701 608 2747 quidem
629 2706 759 2749 probat.
785 2706 942 2739 Gothol'r.

249 2755 347 2775 el.=
398 2757 465 2779 ves
489 2753 592 2789 aspice
616 2755 643 2783 et
666 2753 864 2784 distributas
886 2753 943 2783 vi-

246 2798 310 2821 res
342 2794 455 2823 erlis
479 2797 589 2825 tracta.
640 2796 742 2827 Gron.
759 2796 797 2828 ei.
818 2796 943 2832 ὅδὲ-’τ

1008 1114 1119 1145 Aliter
1143 1113 1313 1151 adsunt,
1335 1114 1363 1145 et
1378 1113 1551 1146 distributis
1571 1122 1638 1147 rem
1654 1115 1702 1156 of-

1008 1158 1088 1198 ficiis
1099 1160 1177 1189 tract
1187 1166 1208 1188 a
1216 1168 1238 1189 η
1247 1160 1267 1188 t.
1294 1157 1396 1190 Grou.
1405 1157 1561 1201 explicat:
1576 1159 1702 1200 „Nem-

1008 1212 1051 1245 pe
1071 1201 1126 1234 illa
1153 1207 1210 1233 aut
1238 1201 1376 1234 immota
1401 1208 1458 1234 aut
1485 1202 1632 1238 immotis
1650 1203 1699 1236 si-

1006 1245 1097 1279 milia
1116 1245 1244 1287 sidera,
1270 1257 1408 1290 quorum
1429 1247 1576 1280 nondum
1645 1254 1700 1281 te-

1005 1297 1126 1323 statem
1145 1291 1332 1323 observatio
1355 1291 1503 1335 excepit,
1526 1291 1591 1325 hau
1635 1291 1699 1325 du-

1005 1334 1060 1367 bie
1078 1335 1203 1367 ditione
1225 1335 1260 1366 iu
1288 1346 1349 1368 nos
1379 1346 1447 1368 non
1473 1342 1604 1376 carent,
1638 1337 1698 1370 sed

1003 1379 1121 1422 aliter,
1154 1386 1252 1423 atque
1274 1379 1331 1413 illa
1351 1391 1411 1424 per
1438 1380 1506 1414 vim
1527 1392 1621 1415 suam
1640 1394 1698 1415 re—

1002 1424 1062 1456 bus
1080 1424 1229 1456 humanis
1259 1424 1444 1465 intersunt,
1469 1431 1504 1457 et
1526 1425 1698 1470 descriptis

1002 1475 1101 1513 atque
1136 1468 1267 1512 partitis
1304 1469 1430 1502 vicibus
1469 1469 1663 1513 funguutur.
1676 1475 1698 1491 “

1002 1513 1185 1546 Fromond.
1198 1513 1236 1547 ci.
1251 1529 1297 1542 =
1308 1516 1324 1546 1
1332 1516 1342 1546 l
1352 1516 1362 1546 l
1372 1525 1393 1546 u
1403 1515 1425 1546 d
1440 1516 1577 1556 adspice,
1590 1519 1618 1548 et
1632 1517 1697 1550 dis-

1002 1560 1125 1591 tributis
1147 1569 1212 1591 rem
1234 1560 1346 1600 officiis
1368 1562 1480 1591 tracta.
1527 1559 1635 1593 Ruhk.
1657 1559 1697 1593 ci.

1002 1617 1048 1630 =
1069 1605 1193 1635 Aliud
1215 1605 1445 1644 adspiciunt,
1477 1607 1505 1636 et
1526 1606 1698 1638 distributis

1002 1657 1068 1680 rem
1083 1649 1194 1689 officiis
1217 1651 1386 1681 tractant.
1408 1647 1697 1690 uisi-al·iunde‚in-

1002 1691 1093 1735 quit,
1127 1691 1210 1724 haec
1231 1692 1333 1725 verba
1352 1692 1386 1724 in
1418 1698 1546 1726 textum
1566 1693 1697 1728 invecta

1001 1743 1147 1769 statuere
1160 1736 1265 1769 malis.
1291 1737 1322 1769 G
1335 1737 1433 1773 2351.
1445 1741 1578 1778 =scire
1598 1750 1640 1780 qu
1649 1749 1666 1772 ο
1675 1741 1697 1772 d

996 1785 1127 1822 possint.
1176 1782 1345 1824 G(cr.m)
1362 1797 1408 1810 =
1427 1793 1525 1824 quam
1546 1785 1696 1818 dubitare

999 1828 1135 1859 deberet
1158 1837 1200 1859 an
1220 1829 1348 1868 possint.
1389 1859 1391 1861 ,

1212 1916 1291 1959 cap.
1314 1916 1480 1949 xxxin.

1039 1982 1171 2013 quorum
1194 1983 1249 2006 ars
1270 1975 1303 2005 in
1335 1973 1437 2005 haee
1459 1976 1522 2006 tria
1543 1975 1694 2008 dividitur

994 2016 1229 2050 =EesGP3.
1297 2018 1425 2050 B-in
1446 2019 1521 2051 haec
1543 2021 1615 2052 tria.
1662 2019 1693 2052 G

994 2064 1028 2097 ’ΞΒ
1041 2085 1078 2096 ...
1090 2062 1123 2096 ST
1134 2064 1279 2101 ——Jiaea
1327 2062 1472 2103 mmm)
1485 2082 1530 2088 —-
1541 2065 1693 2105 quemad.

992 2108 1121 2138 modum
1155 2107 1407 2147 interpretemur,
1437 2118 1488 2148 qu.
1521 2118 1692 2142 exoremus.

993 2151 1040 2181 Ee
1053 2149 1109 2182 1³3.
1119 2165 1163 2177 =
1176 2153 1438 2190 quemadmodum
1454 2154 1565 2192 interp.
1584 2162 1692 2193 quem-

993 2195 1078 2225 adm.
1113 2196 1317 2234 exploremus.
1364 2196 1409 2226 Ee
1429 2214 1465 2219 -—
1490 2198 1690 2236 quernadmo-

992 2239 1068 2270 dum
1090 2248 1260 2270 exoremus.
1279 2263 1282 2265 .
1309 2239 1339 2270 G
1352 2241 1446 2280 (sm)
1467 2250 1589 2280 -pars
1612 2247 1689 2284 post

991 2284 1112 2314 Prima.
1428 2291 1431 2293 ⁴

1036 2339 1080 2371 ad
1102 2340 1271 2379 formulam
1292 2349 1313 2379 p
1323 2349 1337 2371 e
1347 2349 1363 2371 r
1374 2343 1384 2370 t
1394 2342 1404 2372 i
1414 2349 1435 2372 n
1445 2350 1459 2372 e
1469 2344 1479 2371 l
1491 2354 1536 2378 =
1550 2341 1633 2374 BEe.

994 2384 1068 2418 GQ}
1081 2406 1092 2417 .
1106 2407 1115 2417 ,
1129 2406 1139 2417 ,
1154 2384 1298 2418 R=ssd
1321 2385 1490 2423 formulam
1511 2390 1686 2426 spectat.

992 2428 1022 2459 G
1042 2430 1259 2468 propitiandos
1281 2427 1331 2459 bis
1352 2428 1453 2461 habet
1472 2429 1640 2473 scriptum.

1034 2494 1110 2523 quos
1131 2485 1188 2516 bon
1200 2494 1217 2515 ο
1239 2485 1415 2523 fulmine
1433 2495 1545 2526 rogare
1562 2490 1687 2527 oportet,

989 2531 1082 2560 malo
1105 2530 1267 2568 deprecari
1285 2543 1330 2556 =
1352 2529 1409 2560 Ee.
1478 2531 1599 2562 mG=
1611 2541 1687 2572 quos

989 2576 1066 2605 bono
1100 2575 1166 2614 fulg]
1176 2583 1245 2605 ure
1288 2583 1399 2614 royare
1431 2579 1569 2615 oportet,
1601 2578 1686 2608 malo

990 2620 1077 2657 depr.
1123 2618 1226 2653 BG>B
1242 2641 1251 2652 .
1265 2641 1275 2652 .
1289 2641 1298 2653 .
1311 2619 1343 2653 St
1358 2632 1404 2646 =
1425 2629 1502 2659 quos
1522 2622 1612 2653 bona
1632 2631 1684 2653 ro-

989 2672 1064 2703 yare
1085 2666 1219 2702 oportet,
1241 2665 1334 2694 mala
1357 2665 1517 2705 deprecari
1543 2665 1589 2708 (G
1603 2676 1682 2708 pan.

988 2722 1034 2735 =
1052 2707 1226 2747 precari).
1276 2707 1427 2749 G(m<=>)
1441 2727 1483 2734 —-
1497 2719 1606 2750 royare
1630 2734 1639 2742 .
1653 2735 1659 2740 .
1674 2734 1682 2742 .

987 2753 1156 2791 deprecari.
1204 2751 1234 2784 G
1248 2754 1374 2794 (cnm)
1399 2768 1444 2782 =
1465 2758 1497 2785 ut
1528 2756 1681 2788 remittant

988 2798 1074 2828 onina
1085 2807 1105 2828 η
1116 2807 1140 2828 s.
