1812 3184
506 201 736 242 SENECAE
766 201 1077 242 DEPERDITlS.
1434 203 1516 249 745

71 313 172 358 :ian
203 312 400 356 amicitiae
429 344 439 354 .
456 344 492 354 ..
520 313 594 355 dae
624 344 633 354 .
653 344 689 354 ..
717 313 776 355 sic
797 327 876 355 nun
891 344 1093 355 ........
1108 313 1186 355 lum
1221 321 1283 356 est
1299 345 1413 356 .....
1437 316 1513 358 liae

70 393 197 428 emse
221 380 378 423 interdu
392 411 402 422 .
419 394 491 422 .cu
522 380 588 422 sati
619 381 722 423 solet
741 380 883 423 iniram
903 388 966 423 est
981 394 1094 436 quam
1117 380 1232 423 ualde
1255 381 1364 424 illum
1387 388 1514 426 amem

70 446 312 490 conscientia
340 460 388 490 ea
416 462 492 490 con
507 479 626 490 .....

181 512 260 556 111.
295 540 349 547 —
376 516 550 571 [notitia
570 517 704 557 animi
723 529 816 558 esse
834 515 1005 567 cer]tior
1027 515 1157 567 debet,
1191 516 1281 570 quia
1302 516 1433 558 uultus
1454 517 1513 558 iu·-

70 587 203 623 eertus
234 588 312 624 est.
380 580 551 638 Magnos
589 582 797 624 humanum
837 590 973 634 pectus
1005 595 1188 624 recessus
1222 581 1363 623 habet:
1411 584 1514 637 quod

69 648 191 690 vultu
213 663 290 704 quo
320 649 449 705 placet
469 649 595 691 virtus
626 663 674 691 eo
698 650 805 690 fraus
835 649 1111 701 adumbratur,
1149 655 1190 690 et
1210 649 1514 705 cogitationibus

69 715 252 771 pessimis
280 715 404 758 facies
430 715 711 771 benignissima
739 715 966 757 obducitur:
1011 729 1085 757 nec
1115 716 1230 757 facile
1260 716 1337 757 nisi
1366 717 1515 772 peritus

68 782 275 837 intellegas
311 783 402 838 quid
435 783 592 824 intersit
629 783 734 824 inter
762 783 935 824 animum
965 778 1149 824 amici'et
1177 784 1364 825 colorem.
1426 783 1515 825 Hoc

69 848 143 890 sibi
173 849 339 904 quisque
367 855 561 904 proponat
590 862 666 903 quo
697 849 825 889 minus
856 849 969 890 facile
994 849 1133 891 fucatis
1151 846 1329 905 capiatur
1347 850 1487 891 officiis
1498 867 1511 891 ·:

69 928 163 957 rara
180 922 244 956 est
270 915 464 956 amicitia:
499 914 672 969 uulgaris
702 921 770 955 aut
798 915 980 969 exposita
1009 923 1053 956 ut
1081 916 1230 970 inplere
1254 923 1358 957 totas
1377 917 1514 958 domus

70 981 194 1039 possit
221 981 337 1037 uulgo
367 981 441 1024 sibi
462 981 640 1023 homines
659 994 908 1036 persuasere.
970 981 1035 1022 An
1056 995 1192 1022 aurum
1222 983 1371 1037 ingenti
1395 996 1517 1038 opera

70 1049 152 1105 tegi
178 1048 366 1101 creditis,
397 1048 509 1090 cuius
539 1048 681 1103 ubique
711 1047 877 1103 quaesiti
905 1048 977 1091 vix
1007 1049 1079 1090 sub
1106 1049 1235 1104 aliquo
1257 1056 1390 1091 monte
1411 1061 1517 1092 'vena

70 1115 397 1172 deprehenditur3
430 1116 596 1158 amicum
627 1122 758 1157 autem
787 1115 928 1170 ubique
958 1115 1152 1168 inueniri,
1185 1116 1272 1158 sine
1301 1117 1378 1158 ullo
1407 1117 1516 1159 labo-

69 1197 140 1236 re,
181 1183 270 1225 sine
300 1184 378 1225 ulla
414 1183 750 1239 inuestigatione?
797 1181 913 1236 Quid
954 1182 1057 1224 enim
1090 1190 1166 1224 tam
1205 1183 1372 1240 simplex
1402 1197 1516 1239 aper-

70 1257 228 1306 tumque
258 1251 347 1292 est?
403 1250 526 1306 Atqui
568 1265 646 1291 non
678 1257 755 1291 tam
792 1250 833 1291 in
874 1249 952 1291 alto
982 1250 1078 1292 latet
1117 1264 1256 1292 aurum
1292 1258 1515 1306 argentum-

68 1330 400 1372 que—-—

74 1437 232 1493 Incipit
263 1439 451 1480 eiusdem
478 1438 650 1480 Annaei
679 1437 874 1480 Senecae
904 1440 958 1480 de
999 1442 1089 1482 uita
1113 1444 1263 1494 patris
1295 1441 1515 1497 feliciter:

208 1504 424 1547 mulcente
447 1518 513 1547 me
521 1535 627 1546 .....
660 1504 731 1547 die
751 1509 793 1546 et
815 1506 943 1560 lesco]
967 1509 1136 1561 s[upra]
1158 1509 1370 1561 s[crz·pto].

183 1581 231 1625 Si
255 1597 510 1639 quaecunque
533 1582 740 1638 conposuit
768 1590 879 1638 pater
910 1597 1021 1625 meus
1057 1591 1096 1625 et
1123 1584 1184 1625 edi
1214 1586 1338 1626 uoluit
1367 1586 1445 1627 iam
1475 1588 1516 1628 in

51 1663 210 1709 'manus
231 1650 361 1706 populi
385 1650 620 1701 emisissem,
642 1649 692 1690 ad
706 1650 922 1691 claritatem
945 1651 1115 1692 nominis
1137 1651 1196 1692 sui
1220 1653 1315 1693 satis
1335 1653 1410 1694 sibi
1431 1654 1515 1708 ipse

71 1723 352 1775 prospexerat:
386 1731 476 1759 nam
500 1717 577 1758 nisi
602 1731 664 1758 mc
696 1717 839 1772 decipit
867 1717 1014 1772 pietas,
1047 1718 1158 1759 cuius
1184 1718 1372 1761 honestus
1397 1721 1515 1761 etiam

71 1797 188 1827 error
215 1791 304 1835 est,
349 1784 454 1826 inter
483 1798 553 1826 eos
583 1784 794 1825 haberetur
823 1784 888 1839 qui
927 1785 1087 1839 ingenio
1118 1793 1348 1827 meruerunt
1377 1793 1418 1827 ut
1447 1802 1515 1842 pu-

71 1852 129 1894 ris
156 1852 422 1906 scriptorum
459 1851 581 1893 titulis
618 1851 769 1908 nobiles
799 1859 948 1892 essent.
1011 1850 1198 1907 Quisquis
1239 1853 1402 1907 legisset
1432 1854 1516 1905 eius

72 1917 260 1964 historias
284 1919 333 1959 ab
354 1918 467 1960 initio
497 1918 687 1960 bellorum
708 1918 897 1969 ciuilium,
933 1919 1033 1960 unde
1056 1919 1220 1974 primum
1240 1920 1388 1961 ueritas
1406 1927 1515 1962 retro

73 1985 193 2040 abiit,
238 1998 363 2040 paene
402 1999 527 2041 usque
565 1986 613 2026 ad
652 1985 789 2026 mortis
829 1999 926 2027 suae
957 1986 1084 2038 diem,
1131 1986 1261 2041 magni
1291 1987 1519 2029 aestimaret

73 2052 178 2094 seire
205 2051 344 2107 quibus
374 2059 488 2094 natus
519 2058 627 2094 esset
656 2052 882 2107 parentibus
912 2052 977 2094 illc
1007 2054 1070 2108 qui
1101 2067 1166 2096 res
1189 2053 1430 2110 Romapms]
1461 2079 1517 2086 -

143 2853 281 2881 Senecae
300 2859 347 2888 op.
366 2850 414 2879 ed.
436 2849 559 2878 Fickert
577 2849 629 2878 ΙΙΙ.
1179 2843 1236 2886 48
