1812 3184
386 166 453 206 nn
481 161 1119 214 TRANQUILLt'rA'rEANlMt.
1179 162 1281 202 vm.
1479 161 1562 207 237
1604 208 1606 211 ,

104 278 238 324 -Nunc
262 292 362 327 uero
384 278 426 320 in
446 285 555 320 tanta
582 278 774 319 bonorum
804 282 982 331 egestate
1010 275 1139 317 minus
1165 273 1366 316 fastidiosa
1392 274 1459 315 flat
1483 274 1564 316 ele·
1580 286 1597 314 4

119 347 223 390 etio}
254 335 466 404 praecipue
487 354 618 388 tamen
645 346 819 387 uitentur
840 344 975 386 tristes
998 351 1038 386 et
1059 343 1190 385 omnia
1211 342 1460 398 deplorantes
1479 342 1564 398 qui-

118 415 193 459 bus
216 415 322 458 nulla
347 420 426 457 non
449 421 570 457 eausa
593 415 633 456 in
660 413 840 469 querelas
870 412 1011 468 placet.
1074 409 1243 453 Constet
1269 409 1325 452 illi
1351 409 1444 451 licet
1469 410 1565 452 fides

118 490 160 526 et
174 477 482 535 beneuolentia,
523 480 788 537 tranquillitati
811 486 942 521 tamen
965 479 1145 525 inimicus
1172 486 1233 520 est
1255 492 1388 520 eomes
1413 484 1567 534 pertur-

119 552 234 594 batus
250 558 291 594 et
307 551 439 594 omnia
456 563 636 606 gemens.
695 546 815 591 VIII.
849 546 1121 589 Transeamus
1139 547 1186 589 ad
1206 545 1455 602 patrimonia,
1484 559 1568 588 ma-

119 620 269 662 ximam
296 619 551 669 humanarum
576 630 850 658 aerumnarum
872 615 1093 657 materiam.
1153 614 1260 657 Nam
1282 615 1317 657 si
1341 614 1472 656 omnia
1492 613 1567 656 alia

119 683 259 744 quibus
279 686 459 742 angimur
480 698 699 741 conpares,
731 691 904 736 mortes,
937 683 1246 738 aegrotationes,
1279 690 1432 734 metus,
1465 682 1569 724 desi-

119 755 253 808 deria,
285 754 462 809 dolorum
485 753 740 807 laborumque
763 751 1102 808 patientiam'eum
1129 751 1177 792 iis
1202 764 1301 807 quae
1332 751 1446 792 nobis
1468 750 1570 791 mala

119 822 286 880 pecunia
297 829 441 864 -nostra
461 821 640 873 exhibet,
673 821 770 862 haec
789 833 881 876 pars
902 819 1064 861 multum
1083 819 1378 875 praegrauabit.
1430 817 1570 874 Itaque

119 890 368 948 cogitandum
390 897 451 932 est
466 896 610 945 quanto
627 888 755 930 leuior
773 888 885 929 dolor
905 887 1054 938 sitnon
1074 887 1220 928 habere
1239 901 1353 942 quam
1375 886 1567 942 perdere:

121 967 163 1002 et
178 959 450 1014 intellegemus
466 956 686 1014 paupertati
703 971 750 998 eo
768 957 960 998 minorem
981 962 1263 997 tormentorum
1283 969 1360 1010 quo
1377 955 1570 996 minorem

120 1027 348 1069 damnorum
387 1039 478 1068 esse
515 1025 733 1066 materiam.
802 1023 928 1065 Erras
967 1023 1093 1074 enim,
1139 1023 1172 1064 si
1203 1030 1316 1079 putas
1353 1022 1569 1065 animosius
1586 1037 1604 1064 ἰ

122 1095 358 1138 detrimenta
389 1093 532 1136 diuites
566 1094 698 1134 serre:
743 1091 926 1133 maximis
960 1091 1207 1146 minimisque
1241 1090 1472 1147 corporibus
1504 1105 1577 1147 par

123 1170 187 1208 est
207 1163 320 1207 dolor
348 1161 538 1204 uolneris.
599 1159 704 1202 Bion
737 1160 941 1216 eleganter
969 1160 1024 1201 ait
1056 1172 1145 1201 non
1180 1160 1319 1201 minus
1352 1159 1574 1201 molestum
1599 1195 1601 1197 .

121 1245 214 1274 esse
234 1230 374 1278 calais
396 1242 524 1284 quam
544 1230 725 1271 comatis
740 1229 861 1283 pilos
879 1228 996 1270 uelli.
1042 1225 1150 1268 Idem
1172 1227 1274 1277 scias
1300 1226 1393 1268 lioet
1411 1227 1459 1268 de
1479 1240 1574 1283 pau-

119 1297 278 1355 peribus
298 1296 649 1353 locupletibusque,
684 1310 756 1352 par
771 1296 848 1337 illis
868 1309 958 1337 esse
980 1301 1241 1336 tormentum:
1274 1295 1450 1350 utrisque
1471 1295 1575 1337 enim

122 1364 287 1423 pecunia
307 1378 380 1406 sua
404 1364 586 1406 obhaesit
618 1375 692 1406 nec
722 1363 809 1405 sine
836 1377 962 1415 ‚sensu
991 1363 1131 1404 reuelli
1159 1369 1303 1417 potest.
1366 1361 1575 1404 Tolerabi-

120 1434 196 1476 lius
219 1439 350 1475 autem
373 1439 459 1485 est,
490 1439 533 1474 ut
555 1431 662 1484 dixi,
694 1431 923 1486 faciliusque
947 1445 1027 1472 non
1051 1430 1260 1485 adquirere
1281 1443 1396 1485 quam
1419 1422 1574 1472 amitte-

121 1515 192 1543 ret
232 1500 400 1556 ideoque
427 1500 615 1542 laetiores
644 1500 794 1541 uidebis
830 1513 928 1554 quos
961 1513 1170 1554 numquam
1204 1499 1363 1539 fortuna
1394 1498 1575 1554 respexit

111 1563 238 1625 ¹quam
263 1560 368 1624 *quos
400 1569 590 1610 deseruit.
650 1567 759 1610 Uidit
782 1568 856 1610 hoc
879 1566 1107 1623 Diogenes,
1150 1566 1213 1608 uir
1236 1566 1408 1622 ingentis
1434 1566 1570 1620 animi,
1590 1579 1608 1605 ³

123 1643 165 1679 et
184 1634 385 1678 effecitne
408 1636 499 1691 quid
521 1636 595 1677 sibi
620 1636 718 1691 eripi
740 1642 890 1691 posset.
953 1634 1021 1676 Tu
1044 1634 1147 1676 istud
1172 1640 1440 1690 paupertatem
1457 1666 1469 1686 ‚
1512 1635 1573 1675 in-

124 1704 268 1761 opiam,
301 1709 515 1759 egestatem
539 1717 653 1762 uoea,
686 1704 790 1759 quod
814 1703 925 1744 uoles
948 1702 1252 1757 ignominiosum
1277 1702 1478 1743 securitati
1502 1717 1575 1761 no-

168 1814 206 1852 4.
240 1796 457 1862 D(mm)'*
479 1827 542 1850 non
567 1825 711 1849 causam.
760 1817 824 1849 GD

126 1862 246 1908 (cneo)
260 1863 388 1896 E=in
410 1862 578 1903 querelis.
628 1861 767 1906 G(mm)
784 1881 825 1887 -

123 1911 241 1947 tamen.
283 1908 391 1941 sG=
407 1911 435 1940 et
457 1909 566 1940 omnia
587 1909 734 1940 timens.

371 1985 458 2030 cap.
483 1987 573 2018 vm.

171 2045 204 2080 z:
215 2065 228 2078 .
243 2067 254 2080 .
266 2043 316 2080 .ss
337 2041 587 2087 praescribunt:
611 2043 657 2074 De
679 2044 828 2075 mutatio-

125 2091 298 2122 ne-am'mi.
346 2088 376 2121 G
387 2103 434 2116 =
445 2091 481 2120 el
504 2086 568 2129 [ιι]
594 2089 746 2120 maxima
770 2090 828 2120 hu-

124 2143 307 2168 manarum.
342 2132 581 2178 D(cr.m)E=
593 2135 747 2165 maxima
770 2134 829 2165 liu-

125 2189 307 2213 manarum.
339 2179 399 2212 BG
410 2194 457 2207 =
469 2187 541 2212 cum
564 2180 584 2211 h
595 2179 650 2210 iis
672 2188 753 2219 quae
771 2188 828 2211 no-

127 2227 185 2258 bis.
230 2224 262 2258 V
273 2225 340 2260 23:³3
362 2239 409 2253 =
430 2234 503 2258 cum
535 2225 555 2256 lt
564 2226 576 2256 i
586 2233 602 2255 s
625 2233 706 2264 quae
727 2225 827 2256 nobis.

128 2269 192 2306 Μ.
204 2284 250 2298 =
262 2279 334 2302 cum
367 2273 406 2303 is
427 2280 509 2311 quae
531 2271 629 2301 nobis.
675 2269 706 2302 V
721 2273 756 2308 ÷
774 2279 828 2301 εω-

126 2316 208 2349 hibet
221 2325 238 2348 c
249 2316 444 2356 anferam
456 2325 512 2348 us.
538 2314 658 2346 BGDE
670 2329 715 2342 =
727 2325 829 2355 quan-

126 2364 170 2394 lu
179 2370 212 2393 m
233 2362 340 2393 levior.
389 2359 604 2405 GD(cr.oe)E
617 2374 662 2387 =
674 2362 791 2400 inlelliy
802 2361 829 2391 i-

126 2415 209 2439 mus·
252 2407 288 2440 -ἰῑ
309 2428 320 2441 0
334 2428 345 2441 .
357 2429 368 2442 .
389 2407 452 2442 (ΣΙ.
474 2421 521 2434 =
541 2409 568 2437 et
599 2407 747 2446 intelliya
758 2414 831 2437 mus

125 2453 362 2491 paupertatem
384 2461 419 2484 eo
438 2453 632 2484 minorum.
681 2451 745 2485 (512.
768 2473 778 2485 .
791 2473 802 2493 ⁴.
817 2473 827 2485 .

129 2496 164 2530 Θ
179 2509 226 2524 =
243 2499 491 2535 paupertatem.
537 2496 568 2527 V
588 2510 634 2523 =
656 2499 829 2537 pauperta-

129 2543 219 2572 tem.
230 2548 266 2572 eo
286 2542 492 2573 mitiorem.
538 2541 566 2572 E
577 2555 623 2568 =
634 2544 830 2581 paupertate

127 2594 291 2618 mnonm.

175 2628 208 2662 2.
230 2629 463 2662 BG==divites
474 2630 668 2662 detrimenta.
693 2629 829 2670 G(mm)

129 2684 250 2716 =par
269 2677 314 2708 est
336 2678 592 2707 tormentum
615 2675 762 2706 vulneris.
801 2675 830 2706 D

133 2720 221 2764 (sm)
233 2721 277 2752 sE
288 2734 334 2748 =
342 2729 406 2760 par
422 2723 466 2752 est
488 2721 565 2751 vuln
574 2729 595 2751 u
603 2729 629 2751 s.
665 2719 709 2753 ’Σὲ
722 2734 768 2746 =
780 2729 831 2751 co·

130 2768 226 2798 malis
247 2775 344 2807 quam
376 2766 473 2797 calvis
502 2766 584 2805 pilos
606 2765 679 2795 velli
714 2771 831 2796 contra

131 2816 247 2844 matos.
293 2812 366 2843 Ort.
379 2808 425 2838 ='
438 2820 454 2842 c
465 2820 484 2842 a
494 2820 516 2850 p
526 2812 538 2842 i
549 2812 559 2841 1
569 2811 579 2841 l
589 2819 629 2842 os
651 2810 735 2842 velli.
782 2810 832 2842 sG

871 1831 917 1844 =
938 1818 1020 1857 pilos
1043 1817 1168 1848 evelli.
1216 1815 1404 1848 G=Idem
1427 1817 1512 1857 flat
1535 1817 1574 1848 12·-

871 1865 927 1894 (ἴθι.
967 1862 1055 1893 BVA
1068 1860 1139 1892 COl-
1156 1859 1211 1892 ΡΞ.
1224 1862 1255 1895 z
1269 1883 1280 1895 ο
1294 1883 1304 1896 Α
1318 1883 1329 1895 ο
1344 1861 1408 1896 (ξῖι
1422 1877 1466 1889 =
1483 1863 1538 1894 UlT
1547 1864 1574 1893 ἰ·

871 1916 930 1947 que
953 1909 1036 1939 em'm
1053 1907 1200 1946 pecunia.
1225 1905 1283 1939 P3.
1295 1921 1340 1934 =
1356 1907 1500 1948 Utrique
1517 1916 1574 1947 pe-

871 1951 988 1984 cunia.>
1004 1951 1088 1983 G=
1099 1961 1120 1983 u
1131 1962 1151 1983 n
1162 1952 1183 1983 d
1194 1961 1209 1983 e
1232 1954 1315 1984 enim
1327 1954 1474 1992 pecunia.
1500 1953 1572 1984 Ort.

871 2012 917 2025 =
945 1998 1012 2029 Uti
1044 1999 1128 2029 enim
1156 1999 1302 2036 pecunia.
1349 1997 1401 2038 ssu
1423 1996 1477 2029 ed.
1499 1998 1575 2035 Par.

873 2054 902 2074 a.
926 2039 1026 2075 1613.
1040 2057 1087 2070 =
1102 2043 1299 2083 Utriusque
1331 2044 1413 2075 enim
1433 2039 1468 2083 ρ’.
1513 2043 1574 2074 DE

873 2087 964 2120 Pinc.
988 2087 1054 2120 v.l.
1077 2084 1134 2120 P4.
1155 2099 1206 2118 ω.
1256 2085 1433 2123 VP2.z:..
1448 2088 1574 2122 ,ΜΞ

873 2134 1044 2165 adhaesit.
1089 2133 1198 2166 Rom.
1219 2132 1304 2165 Scal.
1327 2147 1374 2161 -·—-.
1396 2134 1575 2166 obhaerel.

873 2178 958 2211 Bell.
980 2177 1082 2210 etiam
1105 2178 1197 2210 Pinc.
1222 2176 1282 2211 P3.
1296 2175 1331 2210 4.
1357 2177 1428 2210 Col.
1443 2180 1513 2210 Ort.
1523 2191 1575 2211 ω.

919 2225 1043 2256 revelli
1074 2227 1172 2264 polest
1192 2238 1239 2251 =
1261 2223 1442 2256 BGVADE
1464 2221 1525 2256 P3.
1541 2221 1574 2257 4.

876 2268 947 2301 Col.
971 2270 1043 2301 Ort.
1067 2271 1138 2304 (ὅτι)
1153 2292 1162 2303 .
1176 2292 1186 2303 .
1201 2271 1290 2305 Alto.
1326 2268 1448 2312 probat
1476 2268 1573 2301 Grut.

873 2313 931 2346 1³2.
947 2315 1012 2349 3-Ξὸ
1025 2329 1071 2342 =
1085 2324 1128 2346 ev
1139 2316 1191 2346 elli
1210 2317 1318 2354 polest.
1367 2314 1430 2349 &10
1445 2337 1455 2349 0
1469 2337 1478 2348 .
1494 2337 1504 2348 .
1517 2313 1576 2348 24.

874 2375 920 2387 =
933 2369 954 2391 a
966 2361 1044 2392 velli
1066 2363 1174 2400 potest.
1211 2360 1241 2391 V
1251 2374 1297 2386 =
1310 2361 1514 2391 Tolerabilius
1534 2362 1578 2390 est

875 2409 990 2437 aulem.
1038 2406 1068 2437 V
1084 2409 1119 2442 -l-
1134 2414 1231 2444 quam
1254 2414 1334 2436 non
1357 2406 1508 2436 amittere.
1545 2403 1578 2436 V

875 2451 1001 2482 =ideo
1023 2452 1167 2482 laetiores
1191 2460 1256 2481 om.
1282 2458 1351 2489 que.

921 2495 955 2528 3.
984 2496 1014 2528 V
1033 2510 1080 2523 =
1106 2497 1159 2527 Vir
1179 2496 1313 2535 inyenlis
1342 2495 1442 2536 animi
1465 2495 1578 2534 Dioge-

874 2551 929 2573 nes
952 2542 1008 2573 hoc
1029 2543 1120 2573 vidit.
1170 2540 1200 2572 G
1220 2555 1265 2567 =
1283 2548 1320 2572 ne
1343 2540 1440 2579 quis
1464 2541 1524 2571 sibi
1547 2548 1578 2571 e-

874 2596 948 2625 ripe.

920 2639 1000 2662 voca
1012 2654 1022 2670 ,
1057 2632 1140 2671 quod
1171 2632 1256 2662 voles
1272 2644 1317 2657 ==
1339 2629 1460 2661 BGAD
1475 2629 1576 2673 (mm.)

880 2674 940 2706 Gr.
1010 2676 1083 2710 VT»
1106 2696 1166 2710 0..
1193 2674 1257 2709 (31.
1280 2689 1326 2703 =
1343 2684 1472 2707 vocas:
1495 2677 1580 2716 quod

876 2721 960 2751 voles
996 2719 1073 2763 (OEl.
1094 2735 1140 2748 =
1159 2729 1254 2752 vocas
1267 2718 1311 2763 ἶν’).
1370 2721 1398 2752 Ι)
1420 2733 1466 2748 =
1485 2724 1580 2753 vota

876 2765 960 2804 quod
993 2766 1086 2797 voles.
1134 2766 1161 2797 E
1181 2778 1228 2797 -τ
1246 2768 1348 2798 nola
1377 2766 1461 2806 quod
1482 2768 1578 2798 voles.

877 2807 971 2841 Anio.
995 2809 1059 2845 62.
1075 2834 1086 2846 .
1098 2834 1108 2845 .
1123 2833 1133 2846 .
1146 2811 1180 2846 Θ
1192 2811 1263 2846 (Sto
1276 2833 1310 2847 0.
1324 2834 1334 2847 .
1347 2811 1402 2847 230
1426 2815 1461 2850 —l-
1488 2821 1578 2852 voca,
