1812 3184
305 189 389 235 642
759 189 802 227 L.
833 187 1030 228 ANNAEI
1062 187 1289 229 SENECAE

307 301 437 343 nacula
466 306 599 342 mouet
629 299 842 359 faciemque
877 305 1000 340 mutat
1025 298 1121 340 locis
1146 306 1187 340 et
1209 299 1334 340 defert
1356 304 1532 350 montes,
1572 295 1739 352 affligit

309 369 447 424 plana,
479 367 602 409 ualles
616 366 852 416 extuberat,
885 378 1008 407 nouas
1028 365 1069 406 in
1092 366 1282 420 profundo
1301 365 1447 407 insulas
1468 364 1606 420 erigit:
1639 363 1736 405 haee

310 448 363 476 ex
383 434 520 490 quibus
537 434 666 475 causis
687 433 863 475 accidant
883 433 998 488 digna
1018 446 1084 474 res
1106 431 1254 474 excuti.
1314 430 1429 486 Quod
1442 463 1455 484 ‚
1483 431 1634 487 inquis,
1665 430 1741 472 erin.

276 518 293 544 a
311 502 475 558 pretium
497 502 665 557 operae?
695 514 771 555 quo
793 500 936 541 nullum
959 499 1084 541 maius
1105 507 1180 551 est,
1213 512 1330 540 nosse
1352 496 1737 553 naturum-*Neque

309 569 412 610 enim
438 568 640 623 quicquam
670 567 786 609 habet
814 567 853 609 in
883 580 925 608 se
956 566 1069 608 huius
1100 566 1287 608 materiae
1317 565 1496 606 tcaclntio
1525 563 1736 625 pubffls,

310 650 396 676 cum
416 635 533 676 multa
556 635 697 675 habeat
718 635 847 675 futura
870 633 981 686 usui,
1013 647 1126 688 quam
1149 633 1249 688 quod
1275 631 1467 673 hominem
1490 631 1739 686 magnifieen—

309 702 362 743 tia
386 701 448 743 sui
470 701 643 753 detinet,
689 715 761 742 nec
786 701 989 752 mercede,
1031 701 1099 741 sed
1124 699 1309 741 miraculo
1339 699 1493 740 colitur.
1552 695 1739 753 Inspicia-

308 782 394 810 mus
416 782 511 824 ergo
533 768 621 823 quid
642 768 694 809 sit
716 775 873 823 propter
896 767 997 822 quod
1019 768 1116 808 haec
1137 766 1339 808 accidant:
1373 779 1535 820 quorum
1555 764 1653 806 adeo
1675 769 1738 805 est

310 835 402 876 mihi
429 835 552 876 dulcis
575 835 790 890 inspectio,
833 841 875 875 ut
901 834 1077 889 quamuis
1102 833 1305 888 aliquando
1334 832 1382 873 de
1410 838 1517 872 mot-u
1546 837 1738 873 terrarum

311 902 493 943 uolumen
518 901 702 943 ediderim
731 901 908 951 iuuenis,
950 908 1080 942 tamen
1103 906 1292 954 temptare
1311 911 1375 939 me
1396 897 1589 939 noluerim
1604 903 1650 939 et
1666 910 1739 938 ex-

308 968 427 1023 periri
451 982 502 1009 an
525 975 632 1009 aetas
659 968 801 1022 aliquid
825 968 937 1008 nobis
959 974 1027 1008 aut
1048 967 1095 1007 ad
1119 965 1322 1006 scientiam
1349 970 1418 1005 aut
1445 970 1552 1005 certe
1579 963 1631 1004 ad
1655 963 1738 1004 diliss

308 1033 483 1088 gentiam·
501 1033 703 1074 adiecerit.
757 1032 811 1074 V.
842 1031 1011 1074 Causam
1033 1046 1108 1086 qua
1129 1038 1232 1072 terra
1253 1030 1474 1071 concutitur
1491 1029 1558 1071 alii
1577 1029 1620 1071 iu
1639 1042 1741 1084 aqua

310 1113 420 1150 esse,
462 1100 528 1140 alii
555 1100 592 1140 in
617 1099 797 1154 ignibus,
840 1099 903 1139 alii
926 1099 967 1139 in
990 1098 1073 1154 ipsa
1095 1105 1224 1149 terra,
1267 1096 1331 1138 alii
1354 1097 1396 1138 in
1418 1095 1740 1153 spiritusputau&

235 1219 241 1226 Ι
308 1173 424 1208 runtz
457 1166 522 1207 alii
543 1166 583 1206 in
603 1165 793 1220 pluribus,
825 1166 888 1206 alii
908 1165 948 1206 iu
969 1165 1147 1206 omnibus
1167 1163 1244 1208 his.
1291 1162 1457 1217 Quidam
1477 1163 1628 1219 liquexje
1645 1163 1740 1218 ipsis

309 1234 476 1288 aliquam
498 1246 552 1273 ex
571 1232 657 1274 istis
679 1246 836 1273 causam
859 1245 949 1273 esse
967 1232 1167 1282 dixerunt,
1199 1230 1269 1271 sed
1288 1244 1367 1271 non
1387 1229 1537 1284 liquere
1557 1241 1659 1284 quae
1678 1242 1741 1271 es-

308 1307 384 1341 set.
445 1298 564 1340 Nunc
585 1298 738 1353 singula
758 1312 987 1354 persequar.
1047 1297 1146 1339 Illud
1173 1304 1264 1338 ante
1294 1296 1423 1337 omnia
1448 1295 1651 1337 dicendum
1679 1301 1741 1336 est

308 1366 512 1421 opiniones
543 1372 700 1406 ueteres
725 1380 860 1420 parum
886 1372 1048 1406 exactas
1074 1360 1162 1405 esSe
1191 1370 1232 1404 et
1261 1363 1394 1403 rudes.
1456 1359 1574 1403 Circa
1600 1375 1737 1404 uerum

307 1433 432 1474 adhuc
456 1432 683 1473 errabat-ur:
726 1446 828 1473 noua
852 1431 982 1472 omnia
1006 1437 1118 1472 erant
1139 1429 1264 1485 primo
1288 1428 1588 1483 temptantibus,
1630 1435 1736 1484 post-

307 1513 392 1543 Mille
412 1512 570 1542 miracula
593 1513 750 1542 movent.
798 1509 863 1545 GQ
883 1523 929 1537 =
950 1510 1001 1550 fa-

307 1557 384 1588 ciem
406 1558 506 1587 mutat
530 1565 595 1586 om.
620 1563 688 1594 que.

353 1603 380 1631 ei
403 1600 525 1639 desert
545 1602 662 1630 montes
681 1613 725 1625 =
746 1598 876 1630 EGGr.
899 1599 999 1633 ῥὶς...

308 1644 354 1678 Β.
423 1643 449 1674 Β
469 1642 580 1675 Nicot.
599 1657 646 1670 ===
665 1646 693 1674 et
715 1644 756 1674 di
763 1644 781 1683 f
786 1645 845 1683 feri
873 1646 998 1675 montes.

307 1687 490 1729 seG(mm)
503 1688 654 1719 =valles
675 1689 860 1719 exturbat.
906 1689 938 1722 ῥὶς
954 1702 1000 1715 =

306 1733 404 1764 valles
426 1734 608 1763 exuberat.
656 1731 686 1762 G
702 1746 747 1758 τ·-
768 1733 889 1763 insulas
910 1734 1000 1763 exi-

307 1778 361 1817 git.
408 1776 434 1808 B
454 1789 500 1804 =
520 1778 605 1808 Haec
626 1777 736 1815 quibus
763 1778 886 1808 rebus
916 1778 1000 1808 acci-

308 1822 396 1853 dant.
431 1819 713 1855 Gffiffi1.=flaec
736 1829 775 1852 ex
793 1822 903 1860 quibus
925 1830 1001 1853 cau-

305 1867 348 1897 sis
371 1866 542 1897 accidunt.

353 1911 452 1950 digna
473 1918 522 1941 res
545 1910 698 1941 exculi=
711 1909 817 1940 BEeG
831 1909 887 1941 Gr.
898 1907 966 1944 2232.

309 1952 654 1991 23...ffi1.fflu.ff÷
670 1955 769 1993 digna
789 1963 838 1985 res
861 1957 923 1986 esi
946 1963 1001 1986 ex-

307 1999 380 2030 cuti.
425 1998 451 2029 B
466 2012 511 2025 =
523 2007 633 2037 operae
653 2000 798 2038 prelium.

353 2040 387 2072 3.
412 2043 437 2072 Β
455 2056 501 2069 =
520 2043 610 2073 habet
630 2044 663 2073 in
686 2052 718 2073 se
739 2044 832 2074 huius
853 2044 1002 2074 materiae

307 2087 452 2117 tractatio
485 2087 650 2125 quicquam
682 2087 853 2124 pulchrius.
911 2087 935 2116 B
955 2101 1000 2114 =

307 2138 404 2169 quam
425 2131 507 2168 quod
529 2138 665 2160 omnes
686 2131 735 2160 sui
756 2131 998 2169 maynificeuiia.

350 2176 477 2213 propter
491 2173 572 2212 quod
587 2173 663 2204 haec
682 2174 881 2204 acciclant=
893 2175 974 2204 BEe.

307 2216 382 2251 (ΗΒ
402 2239 413 2251 .
427 2239 438 2251 .
452 2239 463 2251 .
485 2218 517 2251 Ji
538 2230 583 2244 =
603 2220 730 2256 propter
751 2218 834 2257 quod
855 2219 1001 2249 accidant

306 2261 392 2293 haec.

351 2314 482 2345 quorum
504 2306 582 2337 adeo
606 2308 650 2337 est
671 2307 746 2337 mihi
769 2306 869 2337 dulcis
886 2320 931 2333 =
951 2307 997 2337 Ee

309 2349 349 2381 G.
418 2351 443 2380 B
465 2364 511 2377 =
528 2359 659 2390 quorum
691 2351 769 2381 adeo
801 2351 878 2381 mihi
898 2352 999 2382 dulcis

306 2397 358 2426 est.
387 2395 469 2430 913...
482 2395 714 2434 R-—aquorum
733 2398 776 2426 est
798 2396 877 2426 adeo
898 2404 941 2426 m.
962 2396 994 2426 d.

350 2440 518 2478 inspectio
540 2454 584 2467 =
604 2439 691 2469 ΒΕΘ
704 2438 761 2470 Gr.
782 2439 877 2469 Rom.
901 2439 993 2470 Anic.

306 2483 406 2517 Qel.
417 2484 503 2517 Σῦῖαη
515 2485 571 2518 {Ru
583 2483 616 2518 R
638 2481 708 2525 (123.
721 2497 767 2510 =
779 2482 942 2526 inspeclfi).

309 2527 370 2561 (ΞΖ.
384 2548 422 2562 0..
433 2528 500 2562 ffi‘z.
511 2542 556 2555 =
567 2530 637 2567 ἤπερ
649 2537 663 2559 e
674 2530 738 2559 cta
748 2531 758 2559 i
769 2530 809 2559 io.

350 2573 388 2603 de
411 2575 496 2604 motu
517 2576 670 2604 terrarum
689 2574 832 2604 volumen
845 2573 995 2604 ediderim

305 2618 478 2648 iuvenis=
491 2618 547 2648 Ee.
564 2651 568 2653 ,
619 2618 642 2647 Β
655 2618 830 2648 =iuvenis
851 2618 888 2648 de
910 2620 995 2648 motu

303 2663 457 2693 terrarum
479 2663 636 2693 librum
657 2662 817 2692 ediderim.
864 2661 894 2692 G
908 2662 941 2695 >23
953 2683 991 2695 0..

306 2705 339 2738 ,ff
357 2718 402 2732 =
423 2717 456 2734 ω
481 2707 601 2738 iuvenis
621 2706 779 2737 ediderim.
826 2706 851 2736 Β
863 2708 992 2736 =tem-

1045 1511 1132 1539 aetas
1153 1507 1286 1546 aliquid.
1333 1506 1407 1537 BEe
1419 1507 1452 1540 §8
1467 1523 1507 1530 —-
1518 1514 1563 1538 m
1578 1511 1671 1538 ‚ante‘
1683 1514 1736 1539 ae-

1045 1556 1103 1584 tas.
1150 1552 1176 1582 B
1197 1565 1242 1578 =
1259 1553 1347 1583 nobis
1368 1551 1491 1591 aliquid
1513 1550 1558 1582 ad
1577 1552 1738 1586 scientiam

1045 1599 1101 1627 aut
1124 1598 1201 1628 certe
1232 1596 1434 1635 diliyenliam.
1480 1594 1508 1626 E
1531 1608 1576 1622 =
1592 1595 1738 1636 aliquod

1044 1643 1132 1672 nobis
1164 1640 1198 1680 [e
1218 1639 1277 1682 =]
1313 1642 1369 1671 aul
1389 1640 1549 1672 scientium
1579 1643 1636 1671 aut
1658 1643 1736 1672 cerie

1044 1686 1088 1716 ad
1117 1686 1320 1724 diligentiam.
1367 1683 1398 1715 G
1411 1685 1506 1726 (sm)
1527 1700 1570 1708 —
1590 1685 1634 1716 ad
1657 1689 1735 1716 ante

1044 1731 1215 1762 scientiam.
1573 1742 1576 1743 ⁷

1325 1805 1404 1848 Cap.
1425 1805 1466 1839 V.

1092 1859 1151 1893 P3.
1172 1875 1218 1889 =
1236 1862 1351 1893 Causa
1381 1870 1444 1902 qua
1466 1864 1560 1894 terra.
1605 1858 1664 1895 124.
1691 1866 1727 1901 -1-

1047 1907 1185 1939 Causam
1207 1916 1227 1937 a
1251 1915 1314 1945 qua
1336 1909 1359 1937 l.

1091 1952 1147 1982 alii
1168 1952 1202 1983 in
1224 1951 1347 1990 ignibus
1367 1971 1375 1980 .
1397 1972 1406 1981 .
1425 1972 1433 1981 .
1455 1953 1672 1990 putaverunt
1689 1965 1734 1994 ς

1045 1995 1135 2027 EeG.
1207 1996 1230 2026 Β
1250 2008 1295 2021 =
1311 1997 1500 2034 putaverunt
1521 1997 1579 2027 alii
1598 1997 1632 2027 in
1652 1997 1735 2036 iyni-

1046 2042 1102 2072 bus
1125 2041 1181 2071 alii
1203 2041 1236 2072 in
1266 2041 1338 2079 ipsa
1370 2042 1453 2071 terra
1485 2041 1543 2072 alii
1574 2041 1609 2072 in
1640 2041 1704 2080 ips
1714 2050 1733 2072 ο

1043 2086 1165 2123 spiritu.
1210 2085 1244 2118 §8
1257 2106 1294 2119 ...
1305 2083 1338 2118 ,ςῖ
1348 2098 1391 2110 =
1403 2085 1460 2115 alii
1478 2085 1512 2116 in
1532 2085 1655 2125 ignibus
1678 2107 1687 2115 .
1701 2107 1710 2116 .
1721 2106 1730 2116 .

1040 2132 1145 2167 putav
1156 2137 1170 2159 e
1180 2137 1230 2159 re.
1273 2129 1296 2158 Β
1308 2127 1367 2159 P4.
1377 2142 1424 2156 =
1435 2130 1549 2168 liquere
1570 2138 1585 2160 s
1595 2130 1653 2160 ibi
1672 2130 1734 2161 ali·

1042 2181 1148 2210 quam.
1198 2171 1267 2203 Col.
1281 2186 1326 2199 =
1341 2173 1454 2211 liquere
1475 2173 1559 2203 hiis
1580 2174 1731 2212 aliquam.

1045 2214 1188 2254 G(m<x>)
1202 2224 1295 2246 =ex
1316 2217 1384 2247 istis
1405 2224 1468 2247 esse
1489 2216 1634 2248 dixerunt
1655 2225 1732 2248 cau-

1042 2268 1122 2291 sam.
1167 2260 1306 2293 BQ...
1321 2258 1524 2293 (ez—esse.
1569 2259 1595 2290 B
1610 2274 1655 2287 =
1676 2261 1731 2292 sed

1040 2312 1102 2335 non
1124 2305 1237 2343 liquere
1258 2313 1277 2343 q
1290 2313 1335 2335 uo
1345 2304 1367 2335 d
1389 2305 1474 2335 esset.

1086 2350 1174 2379 Nunc
1187 2349 1312 2387 sinyula
1323 2357 1452 2387 per-sequ
1459 2357 1480 2379 a
1489 2357 1507 2380 r
1515 2361 1562 2375 =
1571 2347 1646 2380 BEe
1655 2348 1714 2380 sG.

1044 2391 1072 2422 G
1084 2393 1117 2426 >B
1130 2415 1140 2426 .
1154 2414 1164 2426 .
1176 2414 1186 2426 .
1199 2392 1232 2426 si
1244 2394 1386 2424 =Nunc
1406 2393 1531 2432 singula
1548 2401 1730 2434 persequa-

1040 2445 1071 2467 m
1081 2446 1102 2467 u
1109 2446 1136 2468 r.

1082 2482 1165 2512 Illud
1198 2483 1269 2512 anie
1302 2482 1407 2512 omnia
1428 2480 1595 2513 dicendum
1621 2484 1668 2522 *esi
1685 2495 1731 2510 =-.

1039 2525 1098 2561 Ee.
1173 2526 1195 2556 Β
1212 2528 1246 2563 -1-
1259 2524 1343 2557 Illud
1359 2528 1430 2557 anie
1447 2526 1553 2557 omnia
1564 2527 1730 2558 dicendum

1040 2573 1082 2601 esi
1105 2571 1216 2601 mihi.
1265 2568 1384 2604 (3⁵25...
1399 2569 1432 2604 51*
1448 2573 1482 2607 -ff-
1497 2568 1580 2601 Illud
1602 2573 1672 2602 anie
1694 2580 1728 2603 ο-

1038 2616 1127 2646 mnia
1150 2615 1253 2645 mihi
1276 2615 1441 2646 dicendum
1462 2617 1515 2646 est.

1082 2660 1240 2698 opiniones
1259 2661 1399 2690 veteres
1419 2672 1465 2686 =
1486 2657 1593 2689 BEeG
1617 2658 1673 2691 Gr.
1692 2659 1726 2693 §B

1038 2704 1108 2737 &1⁴0
1119 2725 1129 2737 ο
1141 2726 1150 2737 ο
1164 2725 1175 2737 ο
1189 2702 1242 2738 sffo'
1304 2701 1365 2737 (⁸21,
1376 2725 1387 2737 ο
1399 2723 1410 2735 0
1422 2724 1433 2737 ο
1446 2700 1503 2737 24·
1516 2716 1561 2730 =
1570 2704 1726 2742 opiniones

299 2750 392 2788 piare
411 2751 561 2781 voluerim
583 2753 610 2782 et
637 2751 772 2790 experiri
792 2759 849 2781 me.
895 2750 927 2782 G
946 2763 991 2777 Ξ
1035 2750 1206 2780 velerum.
1256 2747 1279 2777 B
1301 2760 1347 2774 =
1365 2755 1429 2778 esse
1451 2750 1588 2779 exactas.
1635 2747 1660 2778 B
1678 2759 1725 2774 ==

301 2801 387 2824 cum
421 2796 508 2825 aelus
529 2795 659 2835 aliquid.
704 2793 752 2825 sG
781 2798 814 2832 ÷
839 2803 881 2827 απ
903 2802 990 2827 cum

1038 2793 1130 2825 Circa
1163 2793 1264 2824 haec
1296 2792 1399 2823 adhuc
1420 2793 1591 2824 errabatur.
1635 2791 1724 2823 Nova
