1812 3184
447 181 630 222 NATUR.
664 181 880 232 QUAEST.‘
906 181 999 222 [ΑΒ.
1030 182 1103 229 vl,
1137 187 1174 223 4.
1449 181 1528 227 641

87 294 354 351 quiistooerit.
408 293 558 337 Damus
580 295 711 351 itaque
731 294 846 336 huius
868 294 1142 350 neglegentiae
1164 306 1311 350 poenas
1336 299 1531 350 tamquam

87 361 202 410 nouis
218 360 371 416 ‘ten-iti,
402 377 490 405 cum
512 363 577 404 illa
600 377 680 405 non
701 363 781 405 sint
802 377 922 416 noua,
955 363 1026 404 sed
1044 361 1219 404 insolita.
1280 359 1385 415 Quid
1407 365 1531 417 ergo?

85 443 166 473 non
186 429 419 487 religionem
442 431 582 473 incutit
603 430 798 473 mentibus
819 437 860 472 et
878 430 1031 487 quidem·
1052 429 1219 486 publice,
1251 428 1338 470 siue
1358 429 1528 472 delicere

85 497 148 541 sol
170 497 284 541 uisus
300 505 364 540 est
383 499 469 542 siue
490 499 580 541 luna
602 499 714 541 cuius
736 498 959 541 obscuratio
984 497 1228 552 frequentior
1247 503 1314 538 aut
1333 503 1443 552 parte
1465 497 1528 539 sui

83 572 154 608 ant
179 572 260 608 tota
287 566 464 608 delituit?
501 566 696 623 longeque
717 566 842 622 magis
864 566 954 608 illae
976 572 1090 608 actae
1112 565 1151 606 iu
1175 571 1447 606 transuersum
1470 565 1527 606 fa·
1543 585 1561 610 ³

84 646 152 675 ces
175 639 216 676 et
239 633 341 676 coeli
367 648 506 690 magna
529 648 619 691 pars
640 635 783 676 ardens
806 641 847 675 et
869 633 1010 675 crinita
1034 632 1163 674 sidera
1196 639 1237 673 et
1267 632 1399 688 plures
1431 632 1527 674 solis

84 699 203 744 orbes
221 707 263 743 et
279 701 417 743 stellae
435 715 507 754 per
523 702 624 744 diem
640 702 754 743 uisae
774 694 970 756 subitique
991 707 1242 742 transcursus
1262 699 1410 755 ignium
1429 699 1528 741 mul-

82 773 274 824 tam-post
291 781 336 810 se
358 767 486 810 lucem
506 768 769 810 trahentium?
825 767 938 810 Nihil
961 768 1099 809 borum
1123 767 1211 809 sine
1238 767 1378 809 timore
1407 767 1527 808 mira-

80 847 195 887 mur,
225 830 268 877 et
288 849 375 876 cum
397 835 559 876 timendi
580 835 633 876 sit
653 849 771 877 causa
797 835 978 887 nescire,
1011 849 1091 875 non
1113 841 1177 876 est
1200 835 1298 876 tanti
1318 834 1444 887 scire,
1475 848 1527 876 ne

80 901 242 944 timeas.·
271 899 458 956 Δ’(ὶιιειιιιῑο
484 903 608 945 satius
638 910 701 944 est
729 916 870 944 causas
901 902 1102 958 inquirere
1131 908 1172 943 et
1200 902 1354 957 quidem
1381 908 1464 943 toto
1485 901 1527 942 in

81 968 161 1012 boc
177 969 371 1011 intentum
390 970 548 1012 animo?
587 984 715 1026 neque
737 970 842 1011 enim
863 969 930 1011 illo
950 970 1157 1025 quicquam
1178 969 1350 1011 inueniri
1370 968 1525 1024 dignius

80 1043 212 1094 potest
233 1037 296 1079 cui
317 1050 363 1080 se
383 1052 462 1080 non
483 1044 631 1080 tantum
653 1038 898 1090 commodet,
929 1037 999 1079 sed
1022 1037 1221 1092 inpendat.
1280 1035 1359 1079 IV.
1392 1034 1527 1090 Quae.-

79 1118 214 1147 ramus
239 1119 337 1162 ergo
358 1105 450 1161 quid
471 1105 524 1147 sit
547 1106 650 1161 quod
674 1112 820 1147 terram
847 1105 895 1146 ab
925 1104 1058 1146 infimo
1078 1110 1258 1156 moueat,
1301 1103 1405 1159 quod
1429 1103 1528 1145 tanti

80 1172 224 1214 molem
253 1173 438 1226 ponderis
465 1173 604 1229 pellat,
645 1173 736 1228 quid
757 1173 809 1216 sit
826 1173 893 1214 illa
916 1171 1112 1214 ualentius
1134 1171 1234 1226 quod
1258 1177 1405 1212 tantum
1426 1185 1526 1213 onus

78 1239 120 1281 ui
142 1253 216 1281 sna
237 1239 461 1292 labefactet,
493 1255 565 1282 cur
585 1241 700 1282 modo
720 1247 879 1292 tremat,
910 1240 1026 1281 modo
1044 1239 1180 1280 laxata
1198 1238 1390 1291 subsidat,
1422 1252 1528 1280 nunc

78 1306 119 1348 in
139 1313 273 1363 partes
292 1307 418 1349 diuisa
437 1307 612 1349 discedat
632 1315 672 1349 et
689 1308 788 1349 alias
811 1307 1056 1349 interuallum
1079 1306 1216 1348 ruinae
1238 1320 1335 1348 suae
1354 1305 1421 1347 diu
1439 1319 1526 1347 ser-

79 1380 171 1427 uet,
209 1373 306 1416 alias
325 1373 403 1416 cito
425 1374 666 1431 conprimat,
706 1389 810 1416 nunc
833 1388 969 1416 amnes
992 1373 1269 1429 magnitudinis
1289 1380 1409 1415 notae
1429 1387 1525 1415 con-

77 1448 208 1483 uertat
224 1441 456 1494 introrsum,
486 1455 591 1484 nunc
614 1456 740 1484 nouos
761 1442 972 1498 exprimat,
1005 1441 1156 1497 aperiat
1172 1441 1380 1495 aliquando
1402 1454 1524 1496 aqua-

76 1523 164 1550 rum
187 1509 398 1551 calentium
422 1523 573 1561 uenas,
612 1510 819 1565 aliquando
842 1510 1077 1565 refrigeret,
1117 1508 1309 1563 ignesque
1328 1522 1523 1549 nonnum·
1538 1523 1556 1551 ἰ

79 1589 193 1632 quam
217 1590 289 1633 per
311 1576 467 1632 aliquod
484 1576 661 1632 ignotum
683 1584 800 1618 antea
822 1577 966 1618 montis
989 1583 1056 1619 aut
1076 1576 1184 1632 rupis
1210 1577 1388 1617 foramen
1410 1575 1523 1619 emit-

80 1650 152 1697 tat,
184 1643 392 1700 aliquando
414 1647 537 1686 notos'
551 1650 592 1686 et
611 1657 682 1700 per
699 1645 832 1702 secu-la
853 1644 1005 1686 nobiles
1028 1643 1260 1700 conprimat.
1319 1641 1432 1684 Mille
1453 1642 1526 1684 mi-

80 1734 170 1770 ,ῆι-
181 1744 252 1769 nec
274 1736 457 1776 co9itamus.
505 1734 530 1766 B
541 1749 587 1762 =
598 1736 627 1767 N
635 1745 713 1769 unc
732 1744 782 1767 re·
827 1731 922 1777 [eP4.
946 1733 1016 1767 Col.
1032 1735 1092 1777 =]
1117 1735 1229 1765 molem
1247 1734 1398 1773 ponderis
1416 1735 1526 1774 pellat.

79 1781 226 1820 Hgionem
259 1782 371 1812 incutit
409 1781 562 1812 mentibus
605 1781 782 1820 equidem
827 1779 886 1813 1²3.
901 1794 948 1808 =
963 1781 1076 1812 molem
1098 1780 1254 1818 impellat
1277 1789 1344 1811 om.
1364 1780 1524 1819 ponderis.

76 1826 200 1865 publice
221 1826 286 1857 sive
308 1825 438 1866 deficere
459 1826 547 1857 visus
569 1827 613 1857 est
635 1826 692 1856 sol.
720 1825 780 1856 Gr.
828 1824 892 1862 52.
909 1826 1004 1859 (3η).
1017 1847 1028 1859 .
1042 1847 1052 1858 .
1066 1824 1099 1859 ,ςῖ
1118 1837 1165 1851 =
1187 1824 1288 1864 quid
1310 1825 1390 1855 tanti
1412 1825 1524 1855 molem

84 1870 214 1913 (ὑπήιε
237 1868 326 1905 clare
347 1868 466 1912 Pau.·⁴)
478 1885 525 1898 =
536 1873 592 1902 aut
613 1872 678 1902 tota
695 1871 782 1902 deli·
822 1871 971 1910 ponderis
985 1871 1149 1910 impellat.
1174 1868 1264 1900 Pinc.
1280 1879 1310 1900 v.
1324 1867 1343 1899 l.
1361 1882 1407 1896 =
1419 1869 1523 1909 quid

80 1917 171 1947 cuit.
220 1914 316 1947 Grut.
331 1913 371 1946 ei.
383 1929 430 1943 =
442 1918 498 1947 aut
519 1918 584 1947 tota
607 1915 782 1955 deliquit.
825 1917 905 1947 tanti
926 1916 1039 1947 molem
1056 1924 1071 1946 c
1082 1924 1154 1954 οη)
1166 1914 1251 1945 oris
1271 1914 1378 1953 pellat.
1424 1913 1451 1948 (ξ
1464 1936 1474 1948 .
1488 1937 1498 1948 .
1512 1938 1522 1947 .

125 1957 161 1993 3.
189 1959 263 1992 Bae
285 1958 385 1992 codd.
408 1961 488 2003 Ops.
511 1961 544 1995 Β
567 1974 614 1988 =
634 1961 782 2000 lonqeque
827 1958 1053 2000 24.=quid
1079 1961 1157 1991 tanti
1179 1960 1291 1991 molem
1325 1961 1524 2001 corporis

79 2005 184 2046 mavis
206 2006 272 2037 illa
304 2007 405 2037 actae.
454 2005 483 2037 G
497 2006 610 2046 (mm)
621 2019 664 2032 =
677 2006 781 2044 longe·
825 2006 910 2046 imp
920 2007 1004 2036 ellat.

81 2059 140 2090 que
162 2052 267 2090 magis
288 2050 339 2082 ille
362 2054 522 2090 aperte.
569 2048 628 2082 Ps.
646 2064 691 2080 .=
713 2051 780 2082 lon·
870 2051 980 2090 quod
1001 2052 1124 2082 tantum
1147 2057 1225 2081 onus
1244 2062 1288 2075 =
1311 2048 1349 2084 E.

80 2103 177 2135 geque
199 2096 305 2136 magis
326 2095 391 2126 illa
410 2105 476 2127 om.
501 2098 602 2127 actae.
648 2093 719 2128 cot.
735 2108 780 2122 =
826 2117 863 2130 ..0
875 2095 908 2129 Ε
920 2109 965 2122 =
976 2104 994 2134 q
1006 2095 1080 2126 uid
1103 2097 1224 2126 tantum
1246 2102 1335 2125 onus.
1382 2091 1524 2129 Gssssffl.

1418 2048 1522 2082 Bssffi

81 2140 229 2180 longeque
251 2141 341 2172 actae
373 2141 478 2181 magis
510 2141 546 2172 ill
554 2150 586 2172 α.
635 2138 695 2172 1²4.
726 2151 778 2172 ω.

81 2184 166 2215 B=
180 2187 210 2217 ct
230 2185 306 2216 coeli
325 2193 404 2224 pars
419 2194 549 2226 myria,
575 2185 600 2216 B
611 2199 654 2212 =
666 2187 694 2216 et
706 2186 780 2225 plu-

80 2237 131 2262 res
143 2230 252 2262 -orbis
273 2229 379 2262 soles.
426 2229 451 2262 B
464 2231 606 2262 -visac
627 2234 706 2273 post
722 2238 781 2270 per

79 2274 176 2308 diem.
223 2273 363 2316 (ἔμω)
384 2292 428 2298 -
449 2276 517 2307 sinc
546 2279 626 2306 ante
658 2276 779 2306 timore.

80 2318 229 2352 BE=et
250 2329 322 2352 cum
347 2320 476 2352 timidi
497 2322 538 2352 sit
561 2329 661 2354 causa
681 2320 780 2351 nesci-

80 2372 124 2396 re.
171 2363 247 2399 (323
270 2378 315 2391 =
336 2367 365 2396 ct
387 2374 460 2396 cum
482 2366 610 2396 timidi
641 2366 680 2396 sit
703 2373 780 2395 cau-

81 2417 170 2440 sam
191 2410 318 2441 nescire.
364 2409 397 2443 Β
421 2422 466 2436 =
487 2410 642 2449 etquid
664 2409 781 2440 toloin

82 2454 149 2485 boc.
198 2451 347 2487 ffih=
362 2455 423 2485 toto
445 2455 479 2484 in
502 2454 558 2485 hoc
581 2454 721 2484 intento
744 2462 781 2483 a·

81 2499 179 2531 nimo.
223 2497 412 2538 B=neque
433 2499 517 2529 enim
538 2506 580 2529 co
603 2499 781 2537 quicquam.

84 2543 133 2574 sG
146 2545 301 2583 =polest
323 2551 413 2575 cum
434 2551 466 2574 se
487 2552 550 2574 non
572 2544 702 2574 tantum.
752 2541 782 2572 G

85 2588 181 2629 (sm)
207 2605 245 2611 —
266 2597 329 2622 non
350 2593 428 2619 ante
451 2590 584 2619 lantum.
631 2587 656 2618 B
669 2587 782 2619 =sed

85 2635 215 2665 etium
238 2633 427 2674 expendat.

355 2709 435 2754 Cap.
460 2710 517 2743 IV.

130 2767 241 2809 quod
257 2769 336 2800 tanti
352 2768 465 2799 molem
480 2767 688 2807 ponderis
703 2768 785 2807 pel-

87 2815 149 2847 lat
169 2812 270 2845 =E.
339 2811 684 2852 BGfflffl.=quid
707 2813 787 2845 tanti

155 2866 293 2895 Senecae
311 2874 359 2903 op.
378 2865 427 2895 ed.
446 2865 569 2894 Fickert
586 2865 639 2893 ΙΙΙ,

825 2153 871 2166 =
889 2141 1083 2179 labefactat.
1130 2137 1227 2170 Rom.
1251 2136 1346 2168 Anic.
1369 2136 1455 2169 Scal.
1477 2151 1523 2165 =

823 2185 1008 2225 labefacta.
1054 2184 1079 2214 Β
1093 2197 1137 2210 --·-
1150 2192 1207 2215 cur
1227 2185 1339 2215 tranat
1362 2186 1397 2215 et
1419 2184 1523 2214 modo.

869 2231 909 2261 la
919 2232 998 2263 mata
1020 2229 1163 2261 subsidat
1173 2242 1217 2255 =
1232 2227 1340 2258 BEeG
1353 2227 1410 2259 Gr.
1423 2227 1504 2262 §Bel
1512 2252 1523 2264 ,

825 2274 914 2308 ‘mun
925 2274 983 2308 {Ru
995 2274 1040 2309 Si.
1112 2274 1174 2307 (22.
1187 2296 1197 2307 .
1210 2295 1218 2306 .
1233 2295 1242 2307 .
1256 2272 1326 2306 ἑὸἳ.
1339 2273 1525 2307 :luxata

824 2329 839 2351 s
850 2329 871 2350 u
883 2321 900 2350 b
909 2319 1004 2350 sidat.
1035 2318 1101 2353 GJB
1164 2316 1227 2352 (ἓῖ,
1237 2331 1282 2344 =
1293 2318 1326 2348 in
1342 2319 1449 2357 partes
1471 2318 1522 2347 di-

824 2365 938 2395 visas.
988 2363 1039 2394 BE
1059 2361 1150 2394 Pinc.
1172 2373 1204 2393 v.
1228 2361 1250 2393 l.
1269 2373 1318 2391 ω.
1367 2362 1398 2392 G
1412 2363 1526 2402 (mm)

826 2422 869 2435 =
884 2412 954 2439 tun
965 2416 981 2439 c
1004 2416 1112 2438 amnes
1134 2416 1240 2447 mayn.
1260 2417 1292 2438 η.
1328 2406 1386 2441 ΒΞΒ
1400 2419 1445 2433 =
1457 2415 1527 2438 ma-

826 2453 999 2493 yniludim's
1026 2455 1147 2484 nocte.

873 2500 1031 2529 convertat
1053 2498 1236 2530 introrsum
1247 2509 1294 2523 =
1307 2496 1391 2526 BEe.
1462 2494 1527 2530 (ΞΒ

828 2565 866 2577 ...
879 2542 913 2576 R
924 2557 967 2569 =
978 2545 1135 2574 convertat
1149 2544 1264 2573 intrors
1275 2551 1295 2572 u
1304 2550 1330 2572 s.
1354 2541 1378 2571 B
1389 2555 1433 2567 =
1445 2550 1528 2572 nunc

825 2596 923 2619 novos
957 2597 973 2619 c
983 2597 1000 2619 ο
1009 2598 1031 2620 n
1038 2588 1156 2627 primat
1181 2598 1215 2616 ω
1244 2595 1402 2627 aquarum
1432 2594 1530 2620 venas

826 2634 1005 2664 calentium.

874 2675 908 2709 2.
934 2677 965 2708 G
977 2678 1218 2717 28=i9nesque
1240 2685 1455 2716 nunquam.
1503 2676 1529 2706 B

830 2736 876 2749 =
889 2724 1023 2754 emittit.
1069 2719 1128 2754 1³4.
1149 2736 1196 2749 =
1212 2730 1268 2761 per
1290 2723 1430 2762 ignotum
1452 2729 1504 2752 απ
1516 2737 1528 2743 -

830 2770 940 2799 trum
973 2768 1096 2799 montis.
1144 2766 1174 2798 G
1186 2768 1282 2807 (seo)
1304 2780 1349 2794 =
1368 2768 1455 2798 notos
1475 2773 1531 2805 per

832 2813 936 2845 secula
956 2813 1062 2846 nobis
1084 2813 1270 2853 conprimat.
1303 2810 1334 2843 G
1346 2811 1476 2853 (cnm)
1488 2823 1533 2838 π

1189 2857 1240 2898 41
