1812 3184
295 182 379 229 574

704 184 707 187 ’
752 185 794 224 L.
820 184 1023 226 'ANNAEI
1053 186 1281 228 SENECAE

295 299 367 340 bus
395 297 538 350 rebus,
560 331 562 333 ,
582 295 754 338 maxime
780 296 823 338 'in
851 295 1135 353 distinguendis
1161 298 1201 340 et
1225 298 1406 342 curandis
1434 299 1540 342 uitiis
1553 330 1570 360 ,ἢ
1605 302 1723 357 saepe

295 367 449 410 dicebat
469 364 755 407 adulationibus
785 377 857 406 nos
887 378 965 406 non
981 365 1178 407 claudere
1196 365 1364 419 ostium,
1402 367 1475 410 sed
1499 366 1656 425 operire
1683 369 1725 409 et

294 435 450 491 quidem
472 433 530 474 sic
551 439 593 473 ut
617 431 765 473 amicae
795 431 936 488 opponi
961 432 1087 484 solet,
1120 447 1219 488 quac
1251 433 1285 474 si
1315 433 1474 490 inpulit,
1512 441 1624 491 gnta
1645 440 1722 487 est,

260 524 276 550 7
295 502 469 559 gratior,
500 501 535 542 si
554 499 725 554 effregit.

784 498 1028 541 Demetrium
1050 501 1248 556 egregium
1269 500 1399 549 uirum
1417 501 1578 545 memini>
1594 501 1726 545 dicere

294 570 444 611 cuidam
477 567 658 610 libertino
690 567 839 623 potenti
869 566 1048 622 facilem
1077 567 1158 610 sibi
1192 569 1308 610 uiam
1343 568 1404 611 ad
1431 569 1727 616 diuitiasesse

294 651 378 693 quo
407 637 479 679 die
507 635 645 678 bonae
671 636 822 676 mentis
846 636 1141 689 poenituisset.

1199 635 1296 678 Nec
1323 635 1522 679 inuidebo
1530 667 1547 689 ‚
1575 636 1722 693 inquit,

293 704 414 747 uobis
442 704 525 745 liac
556 706 676 753 arte,
716 702 794 744 sed
823 701 984 752 docebo
1017 716 1091 745 eos
1118 703 1268 758 quibus
1299 707 1492 760 quaesito
1523 717 1633 759 opus
1660 708 1726 746 est

293 770 643 827 quemadmodum
674 782 761 811 non
790 769 962 812 dubiam
987 769 1212 826 fortunam
1242 772 1404 822 maris,
1443 783 1531 814 nou
1558 770 1726 823 emendi

268 860 269 863 ¹
291 838 587 893 uendendique
607 838 722 878 litem
749 836 928 879 subeant
934 869 950 889 ,
989 850 1076 879 non
1099 839 1307 879 incertam
1328 836 1457 892 fidem
1481 839 1627 890 ruris,
1658 839 1724 881 in-

290 907 521 948 certiorem
541 904 638 960 fori
662 908 890 958 temptent,
928 905 1280 959 quemadmodum
1307 918 1396 946 non
1422 905 1559 946 solum
1577 904 1726 960 faciti,

289 974 369 1015 sed
388 974 516 1014 etiam
543 971 677 1012 hilari
698 973 774 1024 uia
790 972 1021 1024 pecuniam
1043 970 1216 1025 faciant
1234 970 1567 1026 yaitdentesque·
1581 971 1726 1026 dispo-

257 1057 274 1083 8
292 1041 407 1082 lieni.

471 1037 547 1089 Te,
577 1038 722 1092 inquit,
756 1038 994 1092 longiorem
1016 1037 1129 1079 Fido
1150 1037 1334 1079 Annaeo
1347 1037 1509 1080 -iurabo
1527 1042 1571 1080 et
1587 1037 1725 1093 Apol-

291 1108 408 1148 lonio
425 1107 612 1161 pictore,
642 1105 835 1159 quamuis
849 1103 1062 1146 staturam
1079 1104 1239 1147 habeas
1257 1104 1434 1147 Threcis
1448 1118 1542 1146 cum
1561 1104 1724 1148 Threce

290 1173 517 1228 conpositi.

290 1288 485 1319 =subtilius
507 1287 541 1318 in
562 1285 788 1325 distinyuendis
807 1285 893 1316 viliis
914 1284 985 1317 rell.

292 1343 358 1364 om.
382 1341 466 1374 quae
485 1329 628 1362 fortasse
648 1328 779 1360 aliunde
798 1335 873 1360 sunt
889 1328 983 1371 inge-

290 1383 353 1408 sta.
389 1375 460 1407 Col.
473 1377 559 1407 =in
582 1375 798 1406 discindis
820 1377 848 1404 et
871 1383 984 1406 curan-

290 1422 341 1454 dis
362 1422 456 1452 vitiis.
503 1419 597 1461 Lips.
623 1417 678 1461 (ad
702 1419 909 1456 Tac.A.11‚
934 1415 980 1459 6.)

291 1465 329 1498 ci.
351 1479 398 1493 =
421 1467 455 1497 in
477 1463 754 1503 distringendis
784 1465 812 1494 et
835 1464 984 1495 curandis

287 1512 382 1543 vitiis.

335 1555 592 1587 adulationibus
614 1562 670 1584 nos
698 1561 761 1584 non
783 1553 927 1584 claudere
949 1562 982 1584 o-

288 1602 403 1639 stium,
437 1600 509 1631 sed
536 1599 711 1638 operire.
758 1597 808 1627 Ita
831 1596 983 1628 scriben-

290 1644 368 1676 dum
393 1643 489 1675 duco.
535 1642 616 1674 EeG
628 1640 899 1672 Fort.Pinc.v.l.
923 1641 981 1674 Gr.

291 1688 389 1724 QOEL
410 1703 457 1716 =
475 1688 707 1719 adulationibus
738 1696 801 1718 non
841 1687 983 1718 claudere

291 1735 403 1766 ostium
428 1733 488 1771 'sed
522 1733 663 1772 aperire.
710 1730 773 1764 (ξῖ.
797 1745 842 1758 ==
868 1732 983 1762 adula-

291 1780 384 1810 tioni
412 1787 516 1818 opus
536 1786 598 1808 non
621 1777 764 1807 claudere
784 1778 906 1816 ostium,
929 1777 983 1808 sed

291 1825 432 1864 aperire.
465 1822 786 1857 (sm-:adulationi
810 1830 909 1860 opus
930 1830 982 1852 es-

291 1877 328 1901 se
351 1872 413 1900 non
436 1867 580 1899 claudere
602 1867 734 1905 ostium,
766 1867 820 1897 sed
842 1867 981 1905 aperire.

289 1912 380 1955 Lips.
404 1911 498 1956 (hl.)
523 1910 562 1943 ci.
589 1925 632 1937 =
653 1911 847 1942 adulationi
881 1919 982 1950 opus

288 1967 373 1990 esse
393 1967 456 1990 non
477 1957 621 1988 claudere
636 1957 760 1995 ostium,
782 1956 836 1986 sed
854 1957 982 1994 operire.

288 2003 368 2036 {m
406 2001 501 2036 ..ml
513 2002 571 2036 {Ru
581 2001 613 2034 ST
635 2014 681 2027 =
703 2001 894 2031 adulation
883 2010 894 2030 i
926 2010 982 2031 nos

289 2057 306 2078 ο
315 2056 336 2086 p
342 2056 363 2086 p
377 2056 393 2077 ο
404 2057 423 2078 n
434 2053 473 2077 er
484 2055 519 2085 e,
563 2055 626 2076 non
667 2046 812 2076 claudere
857 2046 977 2075 ostium.

289 2091 394 2122 Gron.
419 2089 475 2132 (ad
492 2091 571 2121 Tac.
598 2091 636 2120 A.
660 2088 738 2125 XII,
759 2085 804 2129 6.)
828 2087 867 2119 ei.
885 2099 980 2119 -α-

287 2135 458 2167 dulationi
482 2142 536 2165 nos
551 2143 613 2163 non
631 2133 774 2163 claudere
789 2134 912 2171 ostium,
926 2134 980 2164 sed

288 2187 505 2220 opponere.
563 2177 657 2208 Gnut.
681 2175 719 2207 ci.
741 2176 809 2210 932.
832 2190 876 2203 =
899 2178 979 2207 adu-

288 2225 414 2257 lationi
445 2231 502 2255 nos
533 2231 594 2254 non
617 2222 760 2253 claudere
791 2223 902 2252 ostium
925 2221 979 2252 sed

287 2270 417 2309 operire.

333 2317 360 2345 et
383 2314 507 2354 quidem
527 2313 640 2343 sicut
663 2312 782 2342 amicae
804 2320 917 2350 opponi
930 2320 979 2341 so

288 2361 384 2391 let=
339 2359 452 2389 --.Ee
522 2357 553 2388 G
566 2356 623 2387 Gr.
637 2356 694 2390 ⁶23
731 2355 842 2389 Si=
851 2358 878 2387 et
910 2357 979 2395 qui-

288 2404 358 2435 dem
389 2405 453 2442 sic,
486 2400 833 2442 quemadmodum
866 2401 980 2440 opponi

287 2450 408 2480 amicae
432 2444 736 2490 [ffiOE1.=amico]
761 2447 845 2477 solet.
890 2444 978 2476 For—

289 2499 359 2524 tun.
383 2492 561 2524 ci.=nec
583 2491 718 2531 quidem.

331 2535 365 2570 7.
389 2538 492 2569 Ee=
506 2537 692 2568 Demetrius
715 2535 842 2566 cuidam
864 2535 978 2565 liberti-

287 2592 327 2614 no
339 2584 455 2623 potenti
478 2583 541 2613 ait
564 2581 697 2621 facilem.
732 2580 781 2610 De
801 2590 867 2622 quo
890 2577 975 2610 vide.

331 2629 389 2659 sibi
410 2629 497 2658 viam
531 2627 574 2657 ad
596 2626 724 2656 divitias
756 2633 819 2655 esse
840 2633 900 2664 quo
927 2624 978 2654 die

286 2673 382 2703 bonae
405 2673 514 2703 mentis
535 2670 732 2710 poenituisset
751 2682 797 2696 =
817 2669 874 2699 Ee.
945 2667 976 2699 G

287 2717 320 2750 Q
333 2738 371 2749 ..0
386 2716 477 2750 ,ΕΞ
498 2717 557 2747 sibi
578 2723 640 2746 esse
663 2714 707 2744 ad
729 2715 857 2746 divitias
878 2714 975 2752 viam,

282 2769 343 2800 quo
366 2761 415 2791 die
436 2760 632 2799 poenituisset
653 2759 749 2789 bonae
771 2759 892 2790 mentis.
930 2757 976 2788 Ee

283 2823 327 2828 —
338 2806 399 2837 Nec
421 2805 564 2836 invidebo
581 2826 589 2836 .
606 2825 615 2834 .
628 2828 636 2836 .
654 2800 739 2844 [12]
765 2803 908 2843 Longum
927 2803 975 2833 in-

576 1171 801 1213 Hominem
834 1172 1002 1227 quidem
1035 1185 1122 1214 non
1150 1186 1242 1214 esse
1267 1173 1400 1214 iillum
1430 1171 1723 1216 liberaliorem

1030 1288 1076 1317 ter
1097 1294 1152 1317 vos
1172 1286 1372 1317 intervallum
1393 1286 1442 1316 sit.
1469 1289 1505 1316 et
1521 1295 1600 1317 vere
1614 1283 1721 1317 aliena

1030 1340 1101 1361 esse
1123 1328 1287 1360 videntur.

1073 1375 1159 1405 vobis
1182 1374 1257 1405 hac
1280 1372 1514 1409 arte=GQ3
1582 1373 1670 1410 (⁵21.

1028 1417 1116 1452 ,ΕΞ
1129 1419 1215 1450 vobis
1236 1419 1344 1450 hanc
1371 1421 1506 1450 artem.
1548 1396 1694 1452 ssmss
1675 1436 1719 1443 -

1027 1464 1082 1495 sed
1105 1468 1188 1494 ante·
1206 1463 1328 1494 docebo.
1353 1461 1472 1505 probo.
1520 1461 1649 1494 G==si
1661 1463 1720 1495 do-

1027 1510 1098 1539 cebo
1121 1517 1181 1539 eos.
1228 1507 1261 1541 §B
1284 1521 1330 1534 =
1348 1508 1486 1547 quaesito
1507 1508 1618 1547 quibus
1642 1516 1721 1548 opus

1027 1555 1081 1584 est.
1127 1552 1158 1583 G
1170 1554 1202 1590 (s
1217 1553 1273 1592 ω)
1295 1569 1340 1575 -
1357 1552 1621 1592 quemadmodum
1641 1556 1721 1584 ante

1026 1606 1089 1628 non
1105 1598 1248 1628 dubiam.

1070 1643 1283 1681 vendendique
1305 1641 1377 1672 lite
1385 1650 1418 1672 m
1432 1641 1561 1674 subeant
1570 1654 1618 1669 =
1627 1639 1718 1673 (ἴθι.

1028 1685 1386 1721 Qooossffizoooooeo
1455 1685 1720 1721 mtooeffilo'z

1025 1732 1237 1771 vendendique
1270 1740 1291 1762 a
1301 1732 1311 1761 l
1321 1740 1336 1761 e
1345 1739 1366 1761 a
1375 1740 1408 1762 m
1439 1731 1577 1763 subeant.
1621 1729 1654 1762 G
1672 1744 1719 1759 ξ

1027 1785 1089 1807 non
1109 1777 1241 1807 incerta
1264 1776 1334 1815 fide
1357 1777 1559 1807 mimecus
1592 1774 1638 1818 (m
1662 1785 1718 1808 m-

1027 1821 1095 1861 ris).
1143 1819 1199 1852 1³3.
1215 1820 1278 1854 (551.
1299 1834 1344 1847 =
1363 1829 1424 1852 non
1445 1822 1595 1851 incertam
1624 1821 1719 1861 fidem

1026 1867 1147 1897 iuris.
1195 1865 1228 1899 {B
1250 1878 1294 1891 =
1313 1874 1375 1896 non
1397 1866 1528 1896 incerta
1552 1865 1620 1904 fide
1635 1866 1717 1896 —iu-

1025 1911 1096 1941 ris.
1143 1908 1200 1941 P4.
1222 1923 1268 1936 =
1287 1918 1349 1941 non
1370 1910 1504 1940 incerta
1532 1909 1601 1949 tide
1621 1910 1715 1946 ria-in,

1028 1953 1230 1986 Col.=non
1252 1956 1385 1986 incrta
1407 1954 1477 1994 fide
1496 1955 1591 1985 ruris.
1622 1953 1714 1985 Fort.

1031 2011 1081 2030 ω.
1130 1999 1387 2040 G(soe)—sed
1407 1999 1502 2030 etiam
1524 2003 1602 2029 aute
1622 1999 1717 2030 hilari

1024 2046 1088 2076 via.
1138 2042 1352 2075 1'3.=etiam
1373 2044 1468 2075 hilari
1489 2044 1544 2074 via
1566 2053 1631 2074 om.
1651 2043 1716 2074 sed.

1028 2088 1143 2123 comss
1165 2103 1210 2116 =
1234 2091 1269 2120 et
1291 2089 1387 2119 hilari
1408 2089 1474 2120 via.
1522 2084 1581 2119 1³4.
1598 2086 1717 2122 (ἕλε

1024 2134 1078 2164 sed
1101 2135 1195 2165 hilari
1216 2134 1270 2165 via
1293 2142 1358 2163 om.
1381 2134 1487 2163 etiam.

1069 2176 1101 2208 8.
1137 2180 1164 2207 et
1196 2178 1358 2215 Apollonio
1397 2185 1420 2215 p
1431 2178 1566 2207 ictore
1595 2189 1642 2204 ς
1665 2175 1715 2207 sG

1023 2221 1122 2260 mssu.
1193 2220 1223 2251 G
1238 2234 1284 2247 ==
1305 2223 1333 2251 et
1355 2221 1516 2259 Apollonio
1534 2221 1714 2259 picture.

1024 2265 1124 2300 ffiffl.
1148 2279 1194 2292 =
1215 2266 1377 2304 Apollonio
1408 2265 1607 2303 picturae
1634 2263 1713 2307 (R).

1023 2310 1113 2342 Fort
1126 2313 1210 2341 =et
1230 2310 1391 2349 Apollonio
1413 2310 1579 2347 Pyctae.
1625 2308 1652 2343 F
1655 2319 1713 2341 or—

1024 2360 1094 2385 tun.
1113 2354 1152 2386 ci,
1174 2353 1261 2389 ᾶῖ
1266 2352 1426 2387 ..si=et
1448 2354 1609 2392 Apollonio
1631 2355 1712 2393 Py-

1023 2402 1090 2431 cta
1115 2397 1248 2442 (pycta).

1069 2445 1190 2476 Threcis
1212 2453 1283 2475 cum
1307 2443 1417 2474 Thi-ece
1436 2443 1585 2482 conpositi
1604 2456 1650 2470 =
1670 2441 1711 2474 ci.

1023 2488 1115 2531 Lips.
1141 2490 1237 2531 (Satt.
1260 2488 1302 2527 ΙΙ,
1314 2484 1363 2529 9.)
1377 2486 1555 2531 (ernust,
1625 2487 1712 2519 G-
1667 2498 1712 2507 -·

1022 2535 1227 2565 techisum
1261 2533 1428 2564 theente
1463 2531 1566 2572 [s.m.
1589 2532 1710 2573 thrace]

1020 2579 1190 2618 compositi.
1237 2575 1318 2609 Cod.
1343 2575 1435 2618 Lips.
1458 2589 1503 2603 =
1523 2577 1713 2608 Threcisum

1021 2626 1058 2654 tr
1067 2631 1115 2654 ece
1137 2623 1306 2662 compositi.
1352 2619 1411 2653 Pa.
1423 2634 1469 2648 -ε
1478 2623 1633 2653 staturam
1648 2621 1710 2652 lio-

1021 2668 1150 2699 minis
1166 2666 1361 2699 celesimi
1382 2666 1520 2698 thet'ra
1538 2665 1708 2705 ompositi·

1020 2710 1133 2744 P4.=
1144 2713 1258 2743 habeas
1272 2711 1345 2747 Thi
1356 2712 1484 2742 lesum
1499 2710 1609 2741 Thr-ece
1624 2718 1708 2741 oom-

1018 2758 1122 2796 positi.
1148 2755 1270 2788 Col.=
1281 2757 1305 2787 T
1315 2756 1335 2787 h
1345 2764 1360 2787 c
1369 2756 1422 2787 tis
1431 2764 1453 2786 u
1462 2763 1494 2786 m
1505 2755 1617 2786 Threce
1626 2762 1708 2785 com·

1017 2802 1121 2841 posili.
1167 2800 1259 2832 Fort.
1280 2813 1327 2828 =
1349 2799 1512 2832 Theti-si
1531 2799 1576 2830 in
1599 2797 1706 2830 Threce
