1812 3184
10 788 11 792 Α
2 769 14 775 C
0 697 16 762 ι’,ᾩι
0 640 18 692 dist.
2 626 18 635 *j
0 614 2 619 '
0 566 9 574 F

492 193 557 232 DE
589 190 992 232 CONSOLATIONE.
1051 190 1099 229 X.
1130 189 1232 242 [29.]

1497 186 1576 230 331

133 305 203 351 itte
229 304 345 350 nubis
372 318 578 348 commune
611 311 674 347 est
703 304 806 346 iter:
850 303 940 359 quid
966 303 1046 344 fata
1069 300 1283 344 deflemus?
1322 280 1400 341 non
1425 299 1583 354 reliquit

132 373 199 417 ille
220 382 322 426 nos,
365 374 435 416 sed
465 373 694 415 antecessit.

753 370 813 414 X.
848 373 957 425 [29.]
995 369 1096 422 Est,
1136 367 1396 418 mihicrede,
1439 380 1581 421 magna

133 440 298 484 felicitas
327 441 370 484 iu
399 441 486 498 ipsa
518 436 707 483 felicitate
737 439 944 482 moriendi.
1005 437 1189 480 Nihilne
1213 436 1254 478 in
1277 442 1400 477 totum
1425 433 1581 489 'quidem

134 508 236 551 ‹lie-
258 509 358 552 certi
380 516 466 552 est:
506 508 592 564 quis
614 508 653 549 in
676 514 754 549 tam
777 507 944 548 obscura
965 513 1005 547 et
1034 505 1211 546 inuoluta
1235 499 1402 546 ueritate
1433 501 1585 542 diuinat

135 583 318 619 utrumne
346 578 456 619 fratri
490 582 556 618 tuo
577 589 684 617 mors
699 573 891 631 -iuuiderit
910 587 961 614 au
982 572 1250 614 consuluerit?
1307 568 1408 613 Illud
1428 582 1582 625 quoque

134 658 218 700 qua-
235 644 386 686 iustitia
414 645 456 686 in
482 643 663 685 omnibus
694 642 814 683 rebus
847 655 891 682 es
922 654 1087 682 necesse
1125 647 1188 681 est
1216 646 1256 680 te
1285 636 1583 692 adiuuet-cogi-

134 718 280 755 tantem
305 725 384 753 non
407 708 589 753 iniuriam
615 709 682 751 tibi
706 710 872 760 factam,
917 708 1020 763 quod
1054 707 1170 748 talem
1206 708 1368 748 fratrem
1398 704 1581 756 amisisti,

132 779 203 822 sed
234 778 468 821 beneficium
499 778 630 819 datum
645 808 657 829 ‚
700 777 802 832 quod
835 775 980 817 tamdiu
1005 775 1150 831 pietate
1173 774 1258 816 eius
1281 774 1336 815 uti
1358 773 1512 828 fruique
1535 771 1583 814 li-

134 846 240 888 cuit.x
259 844 441 902 iniquus
464 853 526 888 est
548 845 613 901 qui
637 844 813 887 muneris
836 836 898 885 sui
920 842 1124 885 arbitrium
1148 841 1253 883 danti
1277 855 1356 882 non
1379 841 1579 895 relinquit,
1598 853 1617 880 ἰ

132 913 271 958 auidus
295 914 360 970 qui
383 928 463 956 non
488 914 587 956 lucri
617 913 705 955 loeo
736 911 853 954 habet
881 911 983 967 quod
1010 909 1196 966 accepit,
1238 909 1309 951 sed
1330 909 1458 950 damni
1482 908 1586 963 quod

134 981 318 1024 reddidit.
376 980 562 1037 Ingratus
583 988 646 1023 est
665 980 730 1036 qui
749 980 929 1021 iniurium
951 985 1069 1021 uocat
1088 978 1204 1019 finem
1228 977 1455 1033 uoluptatis,
1489 975 1586 1017 stul-

135 1056 198 1092 tus
228 1049 294 1106 qui
325 1049 473 1092 nultum
507 1050 675 1091 fructum
707 1054 939 1105 esse2putat
968 1047 1160 1088 bonorum
1191 1044 1267 1086 nisi
1300 1043 1582 1100 praesentium,

135 1117 201 1174 qui
231 1132 312 1160 non
343 1123 385 1159 et
411 1117 454 1159 in
485 1116 711 1174 praeteritis
744 1115 964 1171 adquiescit
986 1121 1027 1156 et
1050 1128 1096 1156 ea
1115 1113 1262 1155 iudicat
1293 1112 1464 1154 certiora
1485 1124 1585 1167 quae

135 1185 340 1237 abierunt,
382 1185 474 1241 quia
504 1186 552 1227 de
582 1184 660 1226 illis
690 1197 741 1226 ne
770 1182 952 1225 desinant
975 1189 1056 1224 nou'
1078 1189 1140 1224 est
1163 1180 1391 1223 timendum.
1452 1178 1586 1221 Nimis

133 1259 319 1309 angustat
336 1252 479 1308 gaudia
499 1267 573 1294 sua
591 1252 656 1307 qui
678 1252 737 1294 eis
761 1251 1026 1293 tantummodo
1047 1263 1147 1305 quae
1173 1249 1288 1290 hahet
1310 1262 1355 1289 ue
1379 1247 1487 1289 uidet
1509 1247 1587 1301 frui

133 1334 178 1363 se
199 1327 308 1377 putat
325 1326 366 1362 et
383 1319 566 1362 habuisse
583 1320 719 1361 eadem
738 1334 809 1375 pro
831 1319 951 1360 nihilo
972 1318 1101 1360 ducit:
1135 1317 1212 1358 cito
1237 1316 1341 1357 enim
1365 1329 1437 1357 nos
1458 1315 1588 1356 omnis

133 1388 311 1444 uoluptas
339 1383 527 1443 relinquit
549 1401 648 1443 quae
671 1387 754 1428 fluit
774 1395 814 1429 et
835 1386 976 1428 transit
1001 1392 1041 1427 et
1063 1398 1189 1441 paene
1218 1390 1426 1438 antequam
1452 1382 1588 1424 ueniat

133 1457 325 1499 aufertur.
382 1453 520 1511 Itaque
541 1455 582 1497 iu
604 1455 856 1512 praeteritum
879 1461 1032 1510 tempus
1055 1454 1208 1494 unimus
1231 1451 1442 1492 mittendus
1464 1456 1526 1491 est
1545 1456 1619 1492 ets

134 1523 316 1580 quicquid
337 1537 412 1566 nos
435 1537 617 1579 umquam
647 1523 856 1564 delectauit
878 1521 1143 1564 reducendum
1175 1534 1221 1562 ac
1251 1518 1450 1574 frequenti
1479 1519 1587 1574 cogi-

136 1624 228 1647 cum
248 1615 310 1647 illo.
358 1614 412 1648 z.
425 1634 437 1648 0
451 1637 462 1648 .
475 1614 567 1648 ΘΞ
579 1615 722 1646 omnibus
739 1614 836 1645 illud

134 1661 233 1692 nobis.
281 1659 326 1694 {Bt
336 1673 383 1687 =
395 1660 537 1691 omuibus
558 1660 592 1691 ill
603 1668 650 1691 uc
672 1660 771 1690 nobis.
810 1658 835 1689 B

135 1705 167 1738 V
178 1705 285 1748 Bong-
310 1715 361 1737 ex.
383 1704 410 1736 F
413 1715 503 1736 rane.
523 1702 582 1736 P2.
593 1701 629 1736 3.·
641 1702 713 1735 col.
730 1716 781 1735 ω.
806 1703 836 1736 V

136 1764 183 1779 =
195 1751 251 1784 sed
270 1751 477 1791 praecessit.

356 1828 436 1872 cap.
458 1828 506 1861 X.
533 1824 618 1872 [29.]

181 1884 366 1922 muffl.
394 1889 430 1924 —l-
456 1886 612 1926 Magna
634 1886 838 1926 felicitas

137 1934 199 1964 εει
225 1931 512 1972 infelicitate
535 1933 650 1963 mori.
688 1932 754 1970 Est,
777 1932 839 1962 mi-

137 1979 170 2010 lti
191 1977 282 2010 crede
303 1981 420 2008 contra
438 1981 542 2008 mstos
562 1975 662 2007 etiam
674 1975 764 2008 Pinc.
780 1976 838 2007 Gr.

138 2022 164 2054 B
177 2037 222 2050 ε
234 2022 324 2054 Nihil,
341 2031 396 2053 me
419 2023 453 2053 in
474 2024 572 2053 totum
591 2023 726 2062 quidem..
754 2020 839 2052 G=

138 2068 222 2100 Nihil
245 2069 283 2099 ιε
305 2068 339 2098 in
362 2069 461 2098 totum
483 2076 512 2106 q.
559 2066 645 2098 V==
662 2068 746 2098 Nihil
769 2068 839 2106 qui-

140 2113 212 2145 dem
234 2112 336 2144 mihi
369 2113 401 2144 in
432 2114 531 2143 totum
563 2112 646 2144 diem
679 2113 752 2143 certi
784 2115 838 2143 est.

137 2158 204 2193 2228
227 2171 274 2185 =
295 2157 380 2189 Nihil
401 2158 503 2189 mitti
534 2158 568 2189 in
589 2161 689 2189 totum
713 2158 840 2197 quidem

137 2204 221 2235 diem
242 2203 316 2235 certi
339 2205 394 2234 cst.
443 2201 595 2245 D(cr.oe)
610 2203 736 2234 E=ne
759 2202 837 2244 [mD

136 2246 443 2291 amciter-cute]
464 2248 498 2279 in
520 2251 590 2280 toto
612 2249 739 2288 quidem
762 2249 838 2280 die.

136 2293 260 2327 V=et
282 2294 422 2326 involuta
445 2293 623 2325 virtute.
671 2294 736 2324 mD
749 2292 839 2324 Pinc.

141 2337 182 2371 ci.
201 2353 250 2367 ==
273 2341 302 2370 ει
322 2340 464 2370 involuta
486 2340 700 2371 varietate.
747 2338 838 2369 BGD

137 2384 166 2416 E
188 2383 247 2417 1²¹2.
261 2381 294 2415 4·
315 2384 393 2418 z..
409 2380 495 2418 .OEl.
519 2398 563 2411 ==
585 2385 762 2416 invideat.
809 2383 840 2415 V

141 2429 212 2461 Ort.
238 2426 310 2471 (P3.
338 2427 424 2469 Col.)
453 2439 504 2459 ω.
551 2429 674 2460 BGVD
688 2427 788 2471 (sm.)
812 2429 839 2460 E

139 2471 245 2507 1²23.
264 2470 335 2505 Col.
358 2474 424 2508 ‘52¹3
437 2486 483 2500 =
496 2483 539 2505 an
562 2475 763 2506 consulerit.
809 2474 839 2505 D

142 2520 298 2549 ==ante
321 2518 528 2549 consulerit.
575 2517 746 2550 P4.=an
769 2528 842 2550 con-

142 2564 277 2595 sulent.
325 2563 395 2593 Ort.
412 2573 463 2593 ω.
510 2563 539 2594 V
557 2578 603 2590 =
622 2564 729 2602 quod
752 2565 842 2595 iusti-

142 2610 187 2641 tia
210 2609 246 2639 in
269 2608 410 2639 omnibus
443 2610 503 2639 εει
533 2610 625 2640 rebus
655 2617 775 2639 necesse
800 2610 843 2639 εει

141 2657 170 2686 ιε
193 2654 260 2685 adi.
310 2651 366 2683 DE
385 2666 431 2680 =
450 2654 552 2692 quia
578 2653 841 2694 [stE=que]

140 2699 271 2731 iustitia.
307 2698 339 2730 in
363 2698 506 2730 omnibus
527 2700 618 2730 rebus
641 2702 704 2730 εει
725 2706 844 2730 necesse

141 2747 186 2776 est
206 2747 234 2776 te
258 2743 324 2774 adi.
373 2741 446 2775 Col.
468 2757 514 2771 -—.-
533 2745 636 2783 quia
668 2745 788 2775 iustitia
813 2744 843 2779 ὶη

143 2789 286 2821 omnibus
308 2789 400 2821 rebus
422 2792 466 2821 est
487 2798 607 2821 necesse
631 2792 658 2820 te
682 2790 748 2821 adi.
786 2787 844 2819 BG

142 2832 200 2866 P2.
212 2831 245 2867 4.
257 2848 303 2862 =
314 2843 379 2875 qua
402 2835 523 2867 iustitia
545 2836 578 2867 in
595 2835 738 2867 ominibus
754 2835 846 2866 rebus

882 1617 944 1645 εει
965 1622 1085 1645 necesse
1108 1616 1135 1644 ιε
1159 1613 1226 1643 adi.
1271 1608 1331 1643 P3.
1346 1619 1467 1650 =qua
1500 1611 1586 1642 tri-

882 1660 976 1690 stitia
999 1660 1032 1689 in
1064 1659 1207 1690 munibus
1238 1666 1358 1688 necesse
1390 1658 1434 1687 εει
1468 1657 1496 1686 ιε
1518 1656 1588 1687 adi.

884 1705 954 1734 Ort.
974 1717 1019 1731 =
1041 1703 1149 1743 quod
1173 1703 1291 1733 iustitia
1314 1703 1349 1733 in
1372 1701 1514 1732 omnibus
1537 1709 1586 1732 re-

883 1750 945 1780 bus·
962 1752 1023 1781 εει
1045 1756 1165 1780 necesse
1187 1749 1231 1778 εει
1253 1749 1280 1778 ιε
1303 1747 1372 1777 adi.
1406 1747 1480 1780 z..
1494 1768 1506 1780 0
1520 1745 1585 1780 (ΕΙ.

883 1809 929 1821 =
943 1803 1047 1834 quae
1071 1794 1190 1824 iustitia
1211 1793 1245 1824 in
1260 1792 1403 1823 omnibus
1425 1791 1518 1822 rebus
1531 1799 1586 1823 ne-

883 1849 964 1872 cesse
997 1842 1040 1871 εει
1072 1842 1099 1870 te
1123 1839 1190 1869 adi.
1238 1836 1301 1871 (Ξῖ.
1314 1859 1324 1871 .
1338 1858 1371 1870 ..
1384 1837 1417 1870 ὦ
1435 1848 1480 1863 =
1503 1836 1598 1868 Illud.

882 1894 1002 1925 quoque
1026 1885 1146 1915 iustilia
1177 1884 1211 1914 in
1244 1883 1387 1914 omnibus
1420 1882 1511 1912 rebus
1532 1890 1587 1913 ne-

883 1940 963 1962 cesse
986 1933 1030 1962 est
1053 1930 1120 1961 adi.
1168 1928 1365 1962 fflt=mud
1389 1936 1508 1966 quoque
1532 1935 1586 1958 ne-

883 1985 964 2007 cesse
999 1978 1042 2007 εει
1073 1978 1101 2006 ιε
1127 1975 1256 2005 adiuvet
1280 1971 1354 2004 rell.
1380 1982 1446 2003 om.
1493 1971 1585 2004 Pinc.

886 2033 917 2052 v.
933 2020 953 2052 l.
976 2035 1021 2048 =
1044 2029 1109 2060 qua
1131 2020 1252 2051 iustitia
1273 2020 1308 2050 in
1332 2018 1474 2049 omnibus
1495 2018 1587 2049 rebus

884 2070 955 2098 εει.
1002 2064 1093 2097 Pinc.
1115 2063 1155 2096 ci.
1180 2065 1202 2098 ἓ
1220 2068 1284 2107 j...
1308 2064 1362 2098 230
1391 2074 1441 2093 co.
1487 2062 1520 2094 V
1539 2077 1586 2089 =

884 2113 1014 2152 fratrem
1037 2111 1119 2142 amis
1129 2119 1143 2142 ε
1153 2111 1189 2141 ri
1200 2119 1226 2141 ε.
1275 2108 1305 2140 G
1318 2106 1423 2151 (mm)
1438 2122 1485 2134 =
1498 2109 1588 2140 bene-

886 2158 992 2198 ficium
1020 2157 1207 2195 dampni.
1256 2154 1316 2186 BG
1342 2158 1377 2191 —{-
1405 2155 1487 2185 tibi
1519 2155 1587 2193 pie-

886 2205 947 2234 tate
970 2203 1047 2234 eins.
1094 2201 1153 2232 DE
1176 2201 1247 2231 Ort.
1264 2204 1299 2238 —i-
1316 2201 1431 2240 pietate
1453 2200 1519 2230 eius
1542 2200 1587 2230 uti

883 2248 1006 2288 fruique
1031 2248 1124 2278 tibi.
1173 2247 1204 2280 ΞΣ,
1221 2269 1230 2280 .
1245 2269 1255 2280 .
1267 2268 1278 2280 .
1293 2247 1351 2279 24.
1369 2249 1402 2282 -†-
1418 2245 1533 2284 pietate
1556 2253 1588 2275 e-

883 2294 934 2324 ius
967 2294 1047 2324 tibi
1070 2294 1115 2324 uti
1138 2292 1272 2332 fruique.
1321 2290 1533 2330 V=pietale
1556 2298 1587 2319 ε-

885 2339 934 2370 ius
959 2339 1040 2370 tibi
1064 2339 1109 2369 uti
1133 2338 1230 2368 licuit.
1278 2334 1358 2367 Pau.
1375 2334 1446 2366 Col.
1465 2346 1516 2364 ω.
1557 2339 1561 2342 ’

930 2383 964 2415 2.
991 2383 1081 2414 GDE
1093 2391 1210 2413 :non
1231 2381 1382 2419 reliquit.
1418 2379 1449 2410 G
1463 2383 1497 2416 -ι-
1512 2379 1589 2409 stul-

886 2431 936 2460 tus
969 2431 1029 2459 est
1049 2429 1128 2467 aui.
1176 2426 1298 2457 GVDE
1320 2439 1367 2452 =
1388 2427 1481 2464 putat
1514 2432 1588 2456 esse.

887 2473 939 2513 zu
959 2471 1012 2504 ed.
1035 2473 1107 2504 Pur.
1134 2482 1164 2502 a.
1179 2467 1277 2502 1613.
1300 2471 1450 2510 =quin
1473 2470 1589 2501 nonin

884 2519 1070 2558 praeteritis.
1116 2517 1147 2549 V
1172 2519 1207 2554 -l-
1235 2519 1261 2547 et
1285 2525 1322 2547 ea
1346 2525 1425 2547 non
1458 2516 1588 2546 iudicat.

890 2563 1126 2594 G=Minus
1160 2564 1347 2602 angustant
1374 2561 1408 2603 (n
1431 2558 1491 2601 n.).
1539 2558 1589 2590 sG

893 2612 928 2646 -Ι-
955 2609 1009 2648 qui
1033 2609 1075 2639 in
1100 2609 1144 2639 eis
1165 2607 1391 2638 tantummodo.
1438 2604 1468 2637 V
1489 2622 1534 2629 —
1556 2613 1590 2636 ο-

889 2654 971 2684 mnis
994 2658 1072 2684 ante
1095 2654 1252 2692 voluptas.
1298 2651 1329 2683 V
1350 2665 1396 2679 =
1416 2660 1463 2682 ac
1490 2652 1590 2691 paene

889 2701 1067 2737 antequam.

935 2741 969 2775 ὃ.
994 2743 1221 2775 V=animus
1243 2742 1458 2774 mutandus
1481 2743 1535 2773 est.
1560 2739 1590 2771 G

890 2798 1001 2820 =nos
1024 2791 1205 2829 tanquam
1228 2788 1402 2820 delectavit.
1448 2787 1590 2818 V=re-

890 2834 1067 2867 ducendum
1098 2837 1142 2867 εει
1173 2843 1212 2866 ae
1232 2834 1385 2875 frequenti
1409 2833 1593 2874 coqitatione
