1812 3184
298 180 378 223 712
750 179 794 220 1..
824 175 1021 240 ANNAm
1053 178 1300 221 SENECAE*
1321 153 1323 155 ’

300 298 411 343 sunt,
443 303 530 333 eum
548 290 642 333 illud
661 287 807 346 exiguo
830 297 1006 347 tempore
1029 291 1267 344 adscendat,
1287 290 1391 334 -inud
1411 290 1475 334 diu
1496 292 1731 348 proferatur.

266 375 283 401 3
300 357 395 400 Non
411 358 522 400 uides
543 372 656 414 quam
679 356 876 400 contraria
893 358 998 400 inter
1013 359 1270 401 se‘elementa
1287 358 1392 400 siut?
1420 359 1554 414 'grauia
1572 361 1620 402 'et
1631 360 1735 402 leuia

298 432 389 466 suut
403 457 415 477 ‚
446 425 584 480 frigida
606 433 646 467 et
667 426 790 467 calida
804 457 816 478 ‚
848 425 1006 467 humida
1028 432 1067 468 et
1088 426 1209 467 sicca.
1269 431 1350 467 tota
1370 425 1468 475 haee
1486 427 1619 480 muudi
1641 441 1735 470 eon-

298 492 431 534 cordia
461 506 516 534 ex
545 493 788 536 discordibus
818 499 995 535 constat.
1044 492 1182 549 Negas
1219 499 1416 534 cometenx
1438 493 1590 535 stellam
1611 494 1732 548 base,

296 554 385 613 quia
417 560 541 601 forma
573 561 658 602 eius
689 575 768 601 non
801 560 1038 615 respondeat
1059 560 1107 601 ad
1128 560 1330 615 exemplar
1349 573 1424 602 nee
1445 560 1498 601 sit
1517 559 1660 603 ceteris
1679 562 1735 605 si-

297 625 416 667 milis.
475 625 598 668 Uides
622 627 750 679 enim,
792 627 986 669 simillima
1010 632 1071 669 e'st
1089 627 1155 668 illa
1185 641 1283 682 quae
1314 627 1513 669 tricesimo
1541 628 1734 671 annai-'e-

296 693 464 734 uertitur
492 695 539 735 ad
567 694 695 736 locum
725 709 836 736 suum
867 694 956 736 huic
985 708 1084 749 quae
1113 694 1215 736 intra
1245 709 1389 736 aunum
1411 694 1564 736 *reuisit
1600 694 1732 740 sedem

263 763 266 765 ’
296 772 423 801 suam.
482 760 577 803 Non
602 762 650 803 ad
676 775 790 803 unam
813 768 952 803 natura
973 763 1136 803 formam
1158 776 1255 817 opus
1286 775 1398 803 suum
1426 768 1622 816 praestat,
1662 763 1732 804 sed

263 838 278 866 4
296 825 382 880 ipsa
402 826 594 870 uarietate
616 842 660 870 se
676 829 810 870 iactat.
871 828 962 870 Alia
983 829 1155 880 maiora,
1199 828 1273 869 alia
1296 828 1495 869 uelociora
1512 828 1607 870 aliis?
1621 829 1729 881 feeit3

293 892 370 933 alia
393 894 607 947 ualidiora,
651 895 725 936 alia
746 896 1045 951 temperatiora:
1087 895 1280 949 quaedam
1302 895 1438 935 eduxit
1461 908 1485 935 a
1509 895 1649 947 turba,n
1688 903 1732 938 ut

291 958 444 1013 singula
474 968 514 1002 et
543 962 753 1016 conspicua
782 962 1065 1015 procederent,
1108 961 1296 1014 quaedam
1332 960 1374 1000 in
1408 961 1569 1016 gregem
1595 961 1726 1004 misit.

289 1022 451 1080 Ignorat
472 1033 633 1068 naturae
653 1028 864 1082 potentiam
890 1027 955 1082 qui
976 1027 1032 1068 illi
1055 1041 1134 1067 non
1151 1033 1262 1083 putat
1284 1026 1497 1082 aliquando
1511 1027 1730 1073 licerenisi

290 1092 392 1146 quod
414 1092 568 1148 saepius
596 1093 702 1135 feeit.
765 1091 953 1135 Cometas
972 1108 1051 1135 nou
1071 1095 1296 1148 frequenter
1318 1093 1512 1145 ostendit5
1545 1094 1731 1137 adtribuit

289 1157 365 1199 illis
388 1159 504 1200 alium
527 1161 670 1212 locum,
703 1161 780 1202 alia
799 1168 992 1217 tempora,
1025 1161 1232 1202 dissimiles
1256 1159 1398 1202 ceteris
1422 1162 1585 1203 motusess
1604 1162 1730 1204 uoluit

290 1231 331 1266 et
351 1225 410 1267 his
431 1227 738 1283 magnitudinem
770 1228 900 1284 operis
930 1228 990 1270 sui
1021 1229 1152 1269 colere
1182 1242 1345 1282 quorum
1376 1228 1588 1273 formosior
1608 1228 1727 1271 faeies

290 1299 372 1344 est,
414 1307 528 1348 quam
551 1301 593 1336 ut
618 1295 814 1336 fortuitam
840 1302 975 1351 putes,
1017 1295 1103 1337 siue
1120 1294 1414 1349 ‘amplitudinem
1439 1308 1574 1336 eorum
1598 1295 1727 1337 eonsi-

289 1359 404 1401 deres
433 1360 519 1402 siue
549 1362 740 1417 fulgorem
770 1362 834 1417 qui
864 1363 989 1403 maior
1023 1369 1085 1403 est
1119 1361 1395 1414 ardentiorque
1433 1374 1547 1415 quam
1585 1362 1721 1403 ceteri.

284 1423 426 1468 Facies
450 1441 546 1468 uero
569 1428 686 1469 habet
712 1429 864 1483 insigne
896 1429 1075 1483 quiddam
1106 1435 1146 1469 et
1175 1427 1397 1482 singulare,
1439 1427 1582 1469 non-in
1603 1441 1724 1483 augu-

283 1499 386 1532 stum
412 1494 588 1534 coniecta
615 1501 651 1535 et
674 1502 814 1547 artata,
848 1496 917 1536 sed
938 1495 1096 1536 dimissa
1117 1494 1277 1535 liberius
1300 1499 1339 1533 et
1361 1493 1568 1535 multarum
1592 1494 1723 1536 stella-

283 1572 367 1600 rum
388 1560 568 1615 amplexa
588 1551 806 1616 regionem.
852 1559 1058 1604 XXVIII.
1090 1560 1328 1602 Aristoteles
1346 1559 1398 1601 ait
1413 1567 1586 1602 cometas
1601 1561 1721 1616 signi-

281 1625 400 1667 ficare
425 1633 694 1683 tempestatem
719 1634 759 1669 et
781 1635 987 1670 uentorum
1009 1627 1348 1684 intemperantiam
1376 1633 1492 1683 atque
1521 1627 1715 1669 imbrium.

282 1736 372 1771 (31³4.
387 1737 458 1771 Col.
473 1738 573 1775 QQL
641 1739 779 1773 Fortun.
794 1740 834 1772 ci.
858 1740 921 1776 (52.
935 1764 974 1776 ...
1021 1744 1064 1773 est
1088 1741 1152 1772 illa.
1199 1740 1244 1774 {De
1258 1762 1296 1775 ω
1309 1740 1377 1775 ΞΒῙ.
1389 1740 1446 1775 {Ru
1457 1740 1491 1775 S?
1505 1755 1552 1775 Ξ
1573 1742 1664 1774 Vides
1686 1750 1718 1774 e-

279 1781 337 1817 224.
350 1798 395 1811 =
405 1785 502 1816 Libra
525 1786 702 1818 tardissime
725 1795 740 1818 e
749 1795 780 1817 m
790 1795 804 1818 e
815 1796 832 1818 r
838 1797 858 1826 9
868 1788 879 1817 i
889 1789 909 1818 t.
948 1787 974 1817 B

279 1826 361 1860 Brit.
384 1829 454 1862 (Sim
470 1851 481 1863 .
493 1852 503 1863 .
515 1852 525 1864 .
540 1831 574 1865 «ἢ
594 1846 639 1858 Ξ
660 1832 757 1862 Libra
800 1832 975 1863 tardissime

278 1873 455 1914 iunyitur.
480 1873 539 1906 P3.
556 1874 654 1907 dubie
674 1873 789 1906 scribit
810 1874 899 1918 quod
921 1887 975 1907 ae-

278 1926 341 1958 que
361 1919 543 1958 iungitur
565 1931 604 1952 ac
615 1922 766 1960 mergitur
775 1918 841 1962 legi
857 1917 973 1963 possit.

284 1978 285 1981 κ
323 1964 351 1994 et
373 1963 429 1994 hoc
452 1966 556 1996 tamen
577 1964 817 1997 sidus=BEe.
889 1964 975 1996 G—

276 2008 313 2037 et·
362 2007 395 2041 §B
407 2025 451 2030 “-
461 2008 527 2040 hoc·
575 2009 639 2044 &10
652 2032 662 2043 ο
675 2032 685 2044 0
698 2032 708 2044 ο
722 2009 755 2044 «ἢ
766 2023 811 2037 =
823 2012 850 2042 et
872 2012 975 2041 tamen

276 2050 332 2082 hoc
355 2052 454 2082 sidus.
502 2053 582 2082 B—
596 2057 623 2085 et
646 2056 736 2086 illud.

321 2096 458 2126 eiusdem
480 2100 612 2129 naturae
635 2102 733 2130 sunt
754 2112 799 2126 =
818 2098 876 2129 Ee.
948 2098 973 2128 B

276 2137 342 2171 (32³3
356 2159 394 2172 m
408 2140 441 2172 ,ςῗ
452 2153 497 2166 Ξ
509 2143 646 2172 eiusdem
669 2144 801 2174 naturae
825 2151 863 2177 es
873 2146 894 2173 t.
942 2142 973 2173 G

274 2183 306 2222 (s
314 2183 369 2222 ω)
381 2197 426 2210 Ξ
437 2185 551 2216 ascend
561 2186 571 2215 i
580 2187 600 2216 t.

317 2228 329 2258 i
340 2228 431 2259 llud
454 2229 510 2259 diu
530 2229 710 2269 proferatur
730 2243 775 2257 =
792 2229 899 2261 BEeG
912 2228 969 2261 Gr.

274 2271 320 2305 ffi-
394 2271 456 2306 (511,
468 2294 507 2306 ,μ
520 2273 553 2307 st
563 2287 609 2301 =
620 2274 639 2305 h
650 2283 666 2305 ο
675 2283 691 2305 c
715 2275 771 2309 diu
783 2275 972 2314 proferatur.

318 2314 351 2349 3.
386 2316 414 2347 Ε
438 2330 483 2344 Ξ
506 2319 573 2350 Non
595 2319 682 2350 vides
706 2320 778 2358 qui
802 2320 971 2350 contraria.

273 2360 298 2390 B
320 2375 363 2388 Ξ
385 2363 445 2392 sint
471 2363 630 2394 elementa.
679 2362 709 2393 G
723 2364 817 2404 (sm)
834 2380 870 2386 —
900 2365 970 2395 sint.

275 2404 306 2435 G
318 2406 425 2446 (sm.)
437 2424 482 2429 ——
498 2409 525 2437 et
549 2413 627 2438 ante
651 2408 742 2439 levia.

317 2453 380 2481 tota
403 2451 423 2481 h
435 2459 455 2481 α
466 2459 480 2482 e
491 2460 507 2482 c
529 2453 641 2483 mundi
660 2452 827 2484 concordia
838 2465 884 2479 =
895 2452 933 2483 E.

272 2494 297 2523 B
317 2509 363 2521 =
385 2497 461 2526 Tota
496 2499 634 2527 autem
657 2498 768 2528 mundi
791 2497 968 2528 concordia.

273 2537 303 2569 G
317 2539 349 2573 Q
361 2561 399 2573 ,.,
413 2540 445 2574 5<
456 2553 502 2566 =
515 2542 590 2572 Tota
614 2542 633 2572 h
644 2542 740 2572 uitis
764 2542 874 2572 mundi
898 2550 969 2572 con-

270 2584 389 2615 cordia.
436 2584 462 2614 B
477 2594 575 2616 =ex
598 2586 794 2617 discordibus
816 2588 889 2617 est.
939 2585 969 2616 G

269 2640 315 2654 Ξ
327 2629 430 2668 Ne9as
453 2632 630 2661 cometam.
674 2631 695 2660 Β
707 2644 752 2657 Ξ
763 2639 825 2661 esse
849 2631 969 2661 stellam

274 2684 307 2702 ω
336 2674 448 2705 similis
470 2675 588 2706 ceteris.

320 2718 408 2748 Vides
431 2719 535 2758 enim,
568 2719 730 2750 simillima
762 2723 821 2751 est
845 2720 902 2750 illa
922 2732 967 2746 =

268 2760 374 2791 BEeG
388 2760 481 2793 Fort.
494 2762 552 2794 Ρ3.
566 2763 636 2795 Col.
648 2763 709 2798 (31.
725 2762 793 2798 §232
863 2763 921 2795 1³4.
933 2764 965 2798 23

266 2819 309 2832 =
337 2805 427 2837 Vides
460 2809 541 2838 enim
576 2809 738 2840 simillima
774 2817 813 2840 es
824 2817 864 2840 se
899 2809 965 2839 illa.

267 2848 331 2883 (52.
351 2870 360 2883 ι
377 2873 387 2884 .
403 2872 411 2883 .
424 2851 457 2884 (55
477 2865 520 2879 Ξ
545 2853 636 2884 Vides
659 2860 780 2892 quam
805 2854 964 2884 simillima

1019 1787 1096 1825 nim,
1119 1794 1241 1825 quam
1264 1786 1425 1816 simillima
1447 1786 1506 1817 sit
1528 1787 1595 1817 illa.
1631 1785 1720 1818 For-

1019 1836 1090 1861 tun.
1105 1829 1144 1861 ci.
1156 1844 1200 1857 =
1213 1830 1304 1862 Vides
1327 1839 1345 1869 q
1357 1839 1379 1861 u
1390 1839 1410 1861 α
1419 1839 1451 1861 m
1473 1831 1720 1863 dissimillima

1021 1878 1064 1907 est
1084 1876 1152 1906 illa.
1198 1875 1222 1905 B
1242 1888 1288 1901 =
1307 1876 1471 1906 revertitur
1505 1876 1550 1906 ad
1580 1876 1720 1907 sedem

1020 1929 1066 1951 su
1076 1928 1150 1950 am.
1197 1919 1223 1950 E
1238 1933 1283 1946 =
1297 1920 1368 1951 huic
1390 1920 1459 1959 qui
1479 1920 1565 1951 inira
1588 1929 1717 1951 annum.

1020 1965 1046 1995 B
1066 1978 1111 1991 =
1130 1965 1198 1996 Non
1229 1965 1274 1995 ad
1296 1972 1393 1995 unam
1425 1963 1560 2003 sormam
1587 1967 1716 1996 natura.

1021 2009 1143 2050 G(moe
1152 2011 1167 2049 )
1177 2022 1223 2035 =
1233 2009 1287 2040 sed
1303 2009 1374 2048 ipsa
1387 2016 1407 2039 v
1418 2017 1433 2040 e
1441 2010 1548 2040 ritate
1564 2017 1595 2040 se
1606 2010 1714 2040 iaciat.

1063 2051 1097 2085 4.
1124 2054 1204 2084 B=
1223 2055 1295 2085 Alia
1317 2054 1476 2085 minora
1499 2054 1566 2084 alia
1588 2054 1718 2085 velocia·
1768 2079 1772 2082 .

1018 2107 1057 2130 ra
1077 2111 1111 2128 ω
1137 2099 1348 2138 quaedam
1370 2098 1647 2137 temperantiam.
1687 2097 1718 2128 G

1019 2144 1131 2183 (mm)
1145 2162 1189 2166 —
1202 2143 1275 2173 aliis
1297 2143 1379 2181 fecit.
1414 2143 1482 2173 alia
1502 2142 1672 2174 validiora.

1063 2187 1222 2227 quaedam
1243 2187 1351 2217 eduxit
1373 2194 1394 2216 a
1418 2186 1662 2217 turba==BEe.

1020 2229 1085 2264 GQ
1098 2253 1109 2264 .
1123 2252 1132 2263 .
1146 2251 1157 2264 .
1170 2229 1202 2263 R
1220 2233 1253 2265 -ξ-
1270 2230 1425 2267 quaedam
1449 2232 1587 2261 autem
1609 2230 1716 2261 eduxit

1017 2283 1038 2305 α
1070 2276 1173 2306 turba.
1220 2274 1315 2303 B‘-—=
1336 2273 1493 2312 quaedam
1523 2275 1557 2304 in
1589 2282 1690 2313 φερε
1701 2283 1716 2305 s

1016 2320 1157 2350 mersit.
1203 2319 1229 2349 B
1251 2331 1296 2345 Ξ
1317 2318 1370 2357 qui
1391 2318 1439 2348 illi
1461 2318 1633 2358 aliquando
1654 2326 1716 2350 non

1014 2366 1116 2402 putat.
1163 2382 1165 2384 -

1061 2409 1123 2439 nisi
1146 2408 1229 2447 quod
1261 2407 1387 2446 saepius
1412 2406 1429 2446 Γ
1433 2414 1448 2436 e
1458 2407 1498 2437 cit
1517 2408 1564 2433 Ξ
1583 2405 1658 2438 BEe
1667 2405 1715 2438 sG

1016 2450 1074 2483 Ρ3.
1086 2453 1133 2486 {B-
1205 2451 1235 2482 G
1248 2450 1311 2485 021.
1326 2472 1365 2485 0..
1377 2450 1463 2485 ΕΞ
1473 2452 1534 2482 nisi
1546 2451 1628 2490 quod
1645 2459 1715 2483 sae-

1013 2498 1086 2536 pius
1109 2498 1126 2536 f
1131 2506 1150 2528 α
1160 2497 1210 2527 cit.
1260 2495 1291 2527 G
1308 2509 1354 2522 Ξ
1379 2496 1541 2527 Cometes.
1588 2495 1669 2526 B=
1681 2505 1714 2527 ο-

1012 2542 1098 2580 peris
1120 2542 1169 2572 sui
1195 2541 1370 2572 solvere.
1418 2539 1647 2579 Gr.=open·s
1666 2541 1716 2572 sui

1016 2587 1146 2617 colore.
1193 2583 1286 2616 Auic.
1309 2598 1355 2612 =
1376 2593 1470 2624 corp
1481 2585 1570 2617 oris
1591 2586 1641 2616 sui
1663 2594 1714 2616 co·

1015 2631 1085 2661 lere.

1058 2683 1153 2713 quam
1178 2675 1283 2706 ceteri
1301 2688 1347 2701 Ξ
1359 2672 1465 2705 BEeG
1477 2673 1523 2707 Β.
1595 2671 1655 2707 (Sl.
1672 2695 1709 2707 ..0

1013 2719 1046 2752 st
1057 2733 1102 2746 =
1115 2728 1211 2758 quam
1235 2721 1294 2750 cete
1305 2728 1321 2750 r
1333 2720 1379 2750 is.
1426 2717 1456 2749 G
1477 2735 1517 2741 —
1541 2718 1710 2748 stellarum.

1013 2762 1072 2795 P4.
1092 2777 1138 2791 =
1160 2767 1188 2795 et
1220 2764 1337 2795 multa
1373 2763 1521 2802 amplexa
1545 2762 1708 2802 regionem.

1015 2807 1085 2839 Col.
1106 2823 1151 2836 Ξ
1175 2811 1210 2840 et
1243 2809 1414 2840 multarum
1441 2806 1707 2846 amplexarentu-

1011 2862 1031 2884 rt
1043 2862 1062 2883 u
1073 2863 1113 2885 m.
