<?xml version="1.0" encoding="UTF-8"?>
<!DOCTYPE html PUBLIC "-//W3C//DTD XHTML 1.0 Transitional//EN"
    "http://www.w3.org/TR/xhtml1/DTD/xhtml1-transitional.dtd">
<html xmlns="http://www.w3.org/1999/xhtml" xml:lang="en" lang="en">
 <head>
  <title>
</title>
<meta http-equiv="Content-Type" content="text/html;charset=utf-8" />
  <meta name='ocr-system' content='tesseract 3.04.00' />
  <meta name='ocr-capabilities' content='ocr_page ocr_carea ocr_par ocr_line ocrx_word'/>
</head>
<body>
  <div class='ocr_page' id='page_1' title='image "./operasene03seneuoft_0703.png"; bbox 0 0 1812 3184; ppageno 0'>
   <div class='ocr_carea' id='block_1_1' title="bbox 515 174 1603 225">
    <p class='ocr_par' dir='ltr' id='par_1_1' title="bbox 515 174 1603 225">
     <span class='ocr_line' id='line_1_1' title="bbox 515 174 1603 225; baseline 0.004 -9"><span class='ocrx_word' id='word_1_1' title='bbox 515 174 698 216; x_wconf 73' lang='lat' dir='ltr'><strong>NA&#39;run.</strong></span> <span class='ocrx_word' id='word_1_2' title='bbox 730 174 941 225; x_wconf 77' lang='lat' dir='ltr'><strong>QUAEST.</strong></span> <span class='ocrx_word' id='word_1_3' title='bbox 971 174 1066 216; x_wconf 76' lang='lat' dir='ltr'><strong>mn.</strong></span> <span class='ocrx_word' id='word_1_4' title='bbox 1086 175 1180 225; x_wconf 85' lang='lat' dir='ltr'><strong>vn,</strong></span> <span class='ocrx_word' id='word_1_5' title='bbox 1214 180 1251 217; x_wconf 81' lang='grc' dir='ltr'><strong>ι.</strong></span> <span class='ocrx_word' id='word_1_6' title='bbox 1517 175 1603 225; x_wconf 81' lang='grc'><strong>683</strong></span> 
     </span>
    </p>
   </div>
   <div class='ocr_carea' id='block_1_2' title="bbox 148 285 1637 1754">
    <p class='ocr_par' dir='ltr' id='par_1_2' title="bbox 148 285 1637 1754">
     <span class='ocr_line' id='line_1_2' title="bbox 150 285 1604 343; baseline -0.003 -7"><span class='ocrx_word' id='word_1_7' title='bbox 150 299 302 336; x_wconf 64' lang='lat' dir='ltr'><strong>mltum</strong></span> <span class='ocrx_word' id='word_1_8' title='bbox 330 298 355 328; x_wconf 80' lang='lat' dir='ltr'><strong>e</strong></span> <span class='ocrx_word' id='word_1_9' title='bbox 381 285 495 330; x_wconf 84' lang='lat' dir='ltr'><strong>coelo</strong></span> <span class='ocrx_word' id='word_1_10' title='bbox 526 286 683 343; x_wconf 79' lang='lat' dir='ltr'><strong>aliquod</strong></span> <span class='ocrx_word' id='word_1_11' title='bbox 713 286 942 329; x_wconf 79' lang='lat' dir='ltr'><strong>miraculum</strong></span> <span class='ocrx_word' id='word_1_12' title='bbox 972 287 1101 330; x_wconf 72' lang='lat' dir='ltr'><strong>fulsitz</strong></span> <span class='ocrx_word' id='word_1_13' title='bbox 1144 300 1235 329; x_wconf 90' lang='lat' dir='ltr'><strong>nam</strong></span> <span class='ocrx_word' id='word_1_14' title='bbox 1270 287 1453 343; x_wconf 84' lang='lat' dir='ltr'><strong>quamdiu</strong></span> <span class='ocrx_word' id='word_1_15' title='bbox 1488 288 1604 334; x_wconf 84' lang='lat' dir='ltr'><strong>solita</strong></span> 
     </span>
     <span class='ocr_line' id='line_1_3' title="bbox 154 353 1603 410; baseline 0.001 -14"><span class='ocrx_word' id='word_1_16' title='bbox 154 354 382 407; x_wconf 54' lang='lat' dir='ltr'><strong>decurrunt,</strong></span> <span class='ocrx_word' id='word_1_17' title='bbox 413 353 717 410; x_wconf 79' lang='lat' dir='ltr'>magnitudinem</span> <span class='ocrx_word' id='word_1_18' title='bbox 739 369 871 397; x_wconf 90' lang='lat' dir='ltr'><strong>rerum</strong></span> <span class='ocrx_word' id='word_1_19' title='bbox 893 355 1135 399; x_wconf 89' lang='lat' dir='ltr'><strong>consuetudo</strong></span> <span class='ocrx_word' id='word_1_20' title='bbox 1159 354 1355 400; x_wconf 81' lang='lat' dir='ltr'><strong>subducit.</strong></span> <span class='ocrx_word' id='word_1_21' title='bbox 1414 353 1475 396; x_wconf 86' lang='lat' dir='ltr'><strong>Ita</strong></span> <span class='ocrx_word' id='word_1_22' title='bbox 1499 355 1603 398; x_wconf 91' lang='lat' dir='ltr'><strong>enim</strong></span> 
     </span>
     <span class='ocr_line' id='line_1_4' title="bbox 154 421 1603 478; baseline 0.001 -14"><span class='ocrx_word' id='word_1_23' title='bbox 154 421 349 478; x_wconf 74' lang='lat' dir='ltr'><strong>conpositi</strong></span> <span class='ocrx_word' id='word_1_24' title='bbox 375 435 513 465; x_wconf 83' lang='lat' dir='ltr'><strong>sumus</strong></span> <span class='ocrx_word' id='word_1_25' title='bbox 528 453 541 476; x_wconf 90' lang='lat'><strong>,</strong></span> <span class='ocrx_word' id='word_1_26' title='bbox 584 428 628 464; x_wconf 92' lang='lat' dir='ltr'><strong>ut</strong></span> <span class='ocrx_word' id='word_1_27' title='bbox 653 435 727 465; x_wconf 92' lang='lat' dir='ltr'><strong>nos</strong></span> <span class='ocrx_word' id='word_1_28' title='bbox 753 422 972 475; x_wconf 85' lang='lat' dir='ltr'><strong>cotidiana,</strong></span> <span class='ocrx_word' id='word_1_29' title='bbox 1014 422 1131 465; x_wconf 88' lang='lat' dir='ltr'><strong>etiam</strong></span> <span class='ocrx_word' id='word_1_30' title='bbox 1150 422 1184 464; x_wconf 91' lang='lat' dir='ltr'><strong>si</strong></span> <span class='ocrx_word' id='word_1_31' title='bbox 1207 421 1463 478; x_wconf 65' lang='lat' dir='ltr'><strong>admiratione</strong></span> <span class='ocrx_word' id='word_1_32' title='bbox 1485 422 1603 478; x_wconf 87' lang='lat' dir='ltr'><strong>digna</strong></span> 
     </span>
     <span class='ocr_line' id='line_1_5' title="bbox 153 489 1603 545; baseline 0.001 -14"><span class='ocrx_word' id='word_1_33' title='bbox 153 495 269 542; x_wconf 89' lang='lat' dir='ltr'><strong>suut,</strong></span> <span class='ocrx_word' id='word_1_34' title='bbox 301 495 529 532; x_wconf 83' lang='lat' dir='ltr'><strong>transeant=</strong></span> <span class='ocrx_word' id='word_1_35' title='bbox 569 496 708 534; x_wconf 91' lang='lat' dir='ltr'><strong>contra</strong></span> <span class='ocrx_word' id='word_1_36' title='bbox 729 489 975 532; x_wconf 89' lang='lat' dir='ltr'><strong>minimarum</strong></span> <span class='ocrx_word' id='word_1_37' title='bbox 997 504 1150 545; x_wconf 89' lang='lat' dir='ltr'><strong>quoque</strong></span> <span class='ocrx_word' id='word_1_38' title='bbox 1171 503 1328 541; x_wconf 91' lang='lat' dir='ltr'><strong>rerum,</strong></span> <span class='ocrx_word' id='word_1_39' title='bbox 1361 489 1395 532; x_wconf 92' lang='lat' dir='ltr'><strong>si</strong></span> <span class='ocrx_word' id='word_1_40' title='bbox 1419 490 1603 533; x_wconf 80' lang='lat' dir='ltr'><strong>insolitae</strong></span> 
     </span>
     <span class='ocr_line' id='line_1_6' title="bbox 153 556 1637 615; baseline -0.001 -16"><span class='ocrx_word' id='word_1_41' title='bbox 153 556 400 612; x_wconf 83' lang='lat' dir='ltr'><strong>prodierunt,</strong></span> <span class='ocrx_word' id='word_1_42' title='bbox 431 557 698 615; x_wconf 76' lang='lat' dir='ltr'>spectaculum</span> <span class='ocrx_word' id='word_1_43' title='bbox 721 558 834 599; x_wconf 87' lang='lat' dir='ltr'>dulce</span> <span class='ocrx_word' id='word_1_44' title='bbox 849 557 937 599; x_wconf 80' lang='lat' dir='ltr'><strong>liat.</strong></span> <span class='ocrx_word' id='word_1_45' title='bbox 999 556 1075 599; x_wconf 86' lang='lat' dir='ltr'><strong>Hic</strong></span> <span class='ocrx_word' id='word_1_46' title='bbox 1096 558 1227 613; x_wconf 84' lang='lat' dir='ltr'><strong>itaque</strong></span> <span class='ocrx_word' id='word_1_47' title='bbox 1249 564 1386 599; x_wconf 90' lang='lat' dir='ltr'><strong>coetus</strong></span> <span class='ocrx_word' id='word_1_48' title='bbox 1406 564 1603 601; x_wconf 75' lang='lat' dir='ltr'><strong>astrorum</strong></span> <span class='ocrx_word' id='word_1_49' title='bbox 1619 571 1637 598; x_wconf 66' lang='grc' dir='ltr'>ἰ</span> 
     </span>
     <span class='ocr_line' id='line_1_7' title="bbox 153 623 1605 683; baseline 0.001 -17"><span class='ocrx_word' id='word_1_50' title='bbox 153 623 293 683; x_wconf 84' lang='lat' dir='ltr'><strong>quibus</strong></span> <span class='ocrx_word' id='word_1_51' title='bbox 328 624 496 668; x_wconf 82' lang='lat' dir='ltr'><strong>inmensi</strong></span> <span class='ocrx_word' id='word_1_52' title='bbox 534 624 712 679; x_wconf 88' lang='lat' dir='ltr'><strong>corporis</strong></span> <span class='ocrx_word' id='word_1_53' title='bbox 751 624 995 681; x_wconf 74' lang='lat' dir='ltr'><strong>pulchritudo</strong></span> <span class='ocrx_word' id='word_1_54' title='bbox 1034 624 1286 680; x_wconf 81' lang='lat' dir='ltr'><strong>distinguitur</strong></span> <span class='ocrx_word' id='word_1_55' title='bbox 1313 625 1494 681; x_wconf 86' lang='lat' dir='ltr'><strong>populum</strong></span> <span class='ocrx_word' id='word_1_56' title='bbox 1526 639 1605 667; x_wconf 92' lang='lat' dir='ltr'><strong>non</strong></span> 
     </span>
     <span class='ocr_line' id='line_1_8' title="bbox 153 691 1606 746; baseline 0.001 -14"><span class='ocrx_word' id='word_1_57' title='bbox 153 698 368 738; x_wconf 82' lang='lat' dir='ltr'><strong>conuocat:</strong></span> <span class='ocrx_word' id='word_1_58' title='bbox 400 697 443 733; x_wconf 87' lang='lat' dir='ltr'><strong>at</strong></span> <span class='ocrx_word' id='word_1_59' title='bbox 461 705 550 735; x_wconf 80' lang='lat' dir='ltr'><strong>cum</strong></span> <span class='ocrx_word' id='word_1_60' title='bbox 569 691 713 746; x_wconf 85' lang='lat' dir='ltr'><strong>aliquid</strong></span> <span class='ocrx_word' id='word_1_61' title='bbox 733 705 786 732; x_wconf 86' lang='lat' dir='ltr'><strong>ex</strong></span> <span class='ocrx_word' id='word_1_62' title='bbox 806 705 916 733; x_wconf 88' lang='lat' dir='ltr'><strong>more</strong></span> <span class='ocrx_word' id='word_1_63' title='bbox 939 698 1127 733; x_wconf 86' lang='lat' dir='ltr'><strong>mutatum</strong></span> <span class='ocrx_word' id='word_1_64' title='bbox 1151 698 1227 744; x_wconf 88' lang='lat' dir='ltr'><strong>est,</strong></span> <span class='ocrx_word' id='word_1_65' title='bbox 1261 692 1432 734; x_wconf 87' lang='lat' dir='ltr'><strong>omnium</strong></span> <span class='ocrx_word' id='word_1_66' title='bbox 1452 692 1494 734; x_wconf 91' lang='lat' dir='ltr'><strong>in</strong></span> <span class='ocrx_word' id='word_1_67' title='bbox 1514 707 1606 735; x_wconf 90' lang='lat' dir='ltr'><strong>coe-</strong></span> 
     </span>
     <span class='ocr_line' id='line_1_9' title="bbox 151 755 1605 812; baseline 0.001 -12"><span class='ocrx_word' id='word_1_68' title='bbox 151 757 193 801; x_wconf 91' lang='lat' dir='ltr'><strong>lo</strong></span> <span class='ocrx_word' id='word_1_69' title='bbox 217 758 346 800; x_wconf 86' lang='lat' dir='ltr'><strong>uoltus</strong></span> <span class='ocrx_word' id='word_1_70' title='bbox 370 765 447 800; x_wconf 83' lang='lat' dir='ltr'><strong>est.</strong></span> <span class='ocrx_word' id='word_1_71' title='bbox 509 755 583 800; x_wconf 91' lang='lat' dir='ltr'><strong>Sol</strong></span> <span class='ocrx_word' id='word_1_72' title='bbox 611 764 875 812; x_wconf 80' lang='lat' dir='ltr'><strong>spectatorem</strong></span> <span class='ocrx_word' id='word_1_73' title='bbox 905 758 981 799; x_wconf 89' lang='lat' dir='ltr'><strong>nisi</strong></span> <span class='ocrx_word' id='word_1_74' title='bbox 1011 759 1156 800; x_wconf 71' lang='lat' dir='ltr'><strong>defecit</strong></span> <span class='ocrx_word' id='word_1_75' title='bbox 1183 774 1262 801; x_wconf 91' lang='lat' dir='ltr'><strong>non</strong></span> <span class='ocrx_word' id='word_1_76' title='bbox 1293 759 1427 801; x_wconf 86' lang='lat' dir='ltr'><strong>habet.</strong></span> <span class='ocrx_word' id='word_1_77' title='bbox 1488 774 1605 803; x_wconf 90' lang='lat' dir='ltr'><strong>nemo</strong></span> 
     </span>
     <span class='ocr_line' id='line_1_10' title="bbox 150 823 1605 879; baseline 0.003 -14"><span class='ocrx_word' id='word_1_78' title='bbox 150 823 339 866; x_wconf 85' lang='lat' dir='ltr'><strong>obseruat</strong></span> <span class='ocrx_word' id='word_1_79' title='bbox 361 823 492 866; x_wconf 89' lang='lat' dir='ltr'><strong>lunam</strong></span> <span class='ocrx_word' id='word_1_80' title='bbox 517 824 594 866; x_wconf 89' lang='lat' dir='ltr'><strong>nisi</strong></span> <span class='ocrx_word' id='word_1_81' title='bbox 619 824 888 865; x_wconf 82' lang='lat' dir='ltr'><strong>laborantem:</strong></span> <span class='ocrx_word' id='word_1_82' title='bbox 928 831 1022 866; x_wconf 88' lang='lat' dir='ltr'><strong>tuuc</strong></span> <span class='ocrx_word' id='word_1_83' title='bbox 1050 826 1170 867; x_wconf 84' lang='lat' dir='ltr'><strong>urbes</strong></span> <span class='ocrx_word' id='word_1_84' title='bbox 1201 826 1470 879; x_wconf 81' lang='lat' dir='ltr'><strong>conclamant,</strong></span> <span class='ocrx_word' id='word_1_85' title='bbox 1513 834 1605 869; x_wconf 88' lang='lat' dir='ltr'><strong>tuuc</strong></span> 
     </span>
     <span class='ocr_line' id='line_1_11' title="bbox 150 890 1636 955; baseline 0.003 -23"><span class='ocrx_word' id='word_1_86' title='bbox 150 904 222 948; x_wconf 78' lang='lat' dir='ltr'><strong>pro</strong></span> <span class='ocrx_word' id='word_1_87' title='bbox 243 904 288 933; x_wconf 87' lang='lat' dir='ltr'><strong>se</strong></span> <span class='ocrx_word' id='word_1_88' title='bbox 312 890 476 955; x_wconf 77' lang='lat' dir='ltr'><strong>quisque</strong></span> <span class='ocrx_word' id='word_1_89' title='bbox 507 891 787 947; x_wconf 88' lang='lat' dir='ltr'><strong>superstitione</strong></span> <span class='ocrx_word' id='word_1_90' title='bbox 813 906 912 933; x_wconf 87' lang='lat' dir='ltr'><strong>uana</strong></span> <span class='ocrx_word' id='word_1_91' title='bbox 937 893 1118 948; x_wconf 81' lang='lat' dir='ltr'><strong>trepidat.</strong></span> <span class='ocrx_word' id='word_1_92' title='bbox 1181 891 1339 948; x_wconf 86' lang='lat' dir='ltr'><strong>Quanto</strong></span> <span class='ocrx_word' id='word_1_93' title='bbox 1362 894 1428 935; x_wconf 87' lang='lat' dir='ltr'><strong>illa</strong></span> <span class='ocrx_word' id='word_1_94' title='bbox 1454 895 1602 937; x_wconf 88' lang='lat' dir='ltr'><strong>maiora</strong></span> <span class='ocrx_word' id='word_1_95' title='bbox 1619 910 1636 937; x_wconf 73' lang='lat' dir='ltr'><strong>a</strong></span> 
     </span>
     <span class='ocr_line' id='line_1_12' title="bbox 151 958 1606 1015; baseline 0.003 -15"><span class='ocrx_word' id='word_1_96' title='bbox 151 964 268 1010; x_wconf 88' lang='lat' dir='ltr'><strong>suut,</strong></span> <span class='ocrx_word' id='word_1_97' title='bbox 309 958 421 1014; x_wconf 76' lang='lat' dir='ltr'><strong>qnodv</strong></span> <span class='ocrx_word' id='word_1_98' title='bbox 441 958 502 1000; x_wconf 91' lang='lat' dir='ltr'><strong>sol</strong></span> <span class='ocrx_word' id='word_1_99' title='bbox 534 958 694 1003; x_wconf 86' lang='lat' dir='ltr'><strong>totidem</strong></span> <span class='ocrx_word' id='word_1_100' title='bbox 711 990 722 1011; x_wconf 89' lang='lat'><strong>,</strong></span> <span class='ocrx_word' id='word_1_101' title='bbox 765 966 808 1001; x_wconf 83' lang='lat' dir='ltr'><strong>ut</strong></span> <span class='ocrx_word' id='word_1_102' title='bbox 830 959 884 1001; x_wconf 88' lang='lat' dir='ltr'><strong>ita</strong></span> <span class='ocrx_word' id='word_1_103' title='bbox 909 959 1055 1011; x_wconf 89' lang='lat' dir='ltr'><strong>dicam,</strong></span> <span class='ocrx_word' id='word_1_104' title='bbox 1098 960 1243 1015; x_wconf 85' lang='lat' dir='ltr'><strong>gradus</strong></span> <span class='ocrx_word' id='word_1_105' title='bbox 1265 967 1360 1015; x_wconf 86' lang='lat' dir='ltr'><strong>quot</strong></span> <span class='ocrx_word' id='word_1_106' title='bbox 1381 961 1464 1003; x_wconf 88' lang='lat' dir='ltr'><strong>dies</strong></span> <span class='ocrx_word' id='word_1_107' title='bbox 1487 962 1606 1005; x_wconf 87' lang='lat' dir='ltr'><strong>habet</strong></span> 
     </span>
     <span class='ocr_line' id='line_1_13' title="bbox 152 1025 1604 1083; baseline 0.003 -16"><span class='ocrx_word' id='word_1_108' title='bbox 152 1032 192 1067; x_wconf 89' lang='lat' dir='ltr'><strong>et</strong></span> <span class='ocrx_word' id='word_1_109' title='bbox 213 1039 358 1069; x_wconf 88' lang='lat' dir='ltr'><strong>anuum</strong></span> <span class='ocrx_word' id='word_1_110' title='bbox 379 1025 546 1080; x_wconf 83' lang='lat' dir='ltr'><strong>circuitu</strong></span> <span class='ocrx_word' id='word_1_111' title='bbox 565 1039 637 1067; x_wconf 95' lang='lat' dir='ltr'><strong>suo</strong></span> <span class='ocrx_word' id='word_1_112' title='bbox 661 1025 819 1078; x_wconf 85' lang='lat' dir='ltr'><strong>claudit,</strong></span> <span class='ocrx_word' id='word_1_113' title='bbox 842 1027 944 1081; x_wconf 90' lang='lat' dir='ltr'><strong>quod</strong></span> <span class='ocrx_word' id='word_1_114' title='bbox 965 1040 987 1067; x_wconf 90' lang='lat' dir='ltr'><strong>a</strong></span> <span class='ocrx_word' id='word_1_115' title='bbox 1005 1027 1173 1069; x_wconf 91' lang='lat' dir='ltr'><strong>solstitio</strong></span> <span class='ocrx_word' id='word_1_116' title='bbox 1196 1028 1243 1068; x_wconf 87' lang='lat' dir='ltr'><strong>ad</strong></span> <span class='ocrx_word' id='word_1_117' title='bbox 1267 1028 1498 1082; x_wconf 86' lang='lat' dir='ltr'><strong>minuendos</strong></span> <span class='ocrx_word' id='word_1_118' title='bbox 1520 1029 1604 1083; x_wconf 87' lang='lat' dir='ltr'><strong>dies</strong></span> 
     </span>
     <span class='ocr_line' id='line_1_14' title="bbox 151 1093 1600 1152; baseline 0.001 -17"><span class='ocrx_word' id='word_1_119' title='bbox 151 1093 335 1145; x_wconf 88' lang='lat' dir='ltr'><strong>uertitur,</strong></span> <span class='ocrx_word' id='word_1_120' title='bbox 367 1093 470 1149; x_wconf 87' lang='lat' dir='ltr'><strong>quod</strong></span> <span class='ocrx_word' id='word_1_121' title='bbox 489 1107 511 1134; x_wconf 88' lang='lat' dir='ltr'><strong>a</strong></span> <span class='ocrx_word' id='word_1_122' title='bbox 531 1093 700 1134; x_wconf 88' lang='lat' dir='ltr'><strong>solstitio</strong></span> <span class='ocrx_word' id='word_1_123' title='bbox 725 1100 867 1135; x_wconf 86' lang='lat' dir='ltr'><strong>statum</strong></span> <span class='ocrx_word' id='word_1_124' title='bbox 885 1094 1048 1135; x_wconf 88' lang='lat' dir='ltr'><strong>inclinat</strong></span> <span class='ocrx_word' id='word_1_125' title='bbox 1071 1100 1110 1136; x_wconf 88' lang='lat' dir='ltr'><strong>et</strong></span> <span class='ocrx_word' id='word_1_126' title='bbox 1132 1095 1198 1135; x_wconf 90' lang='lat' dir='ltr'><strong>dat</strong></span> <span class='ocrx_word' id='word_1_127' title='bbox 1218 1095 1397 1136; x_wconf 83' lang='lat' dir='ltr'><strong>noctibus</strong></span> <span class='ocrx_word' id='word_1_128' title='bbox 1417 1097 1600 1152; x_wconf 87' lang='lat' dir='ltr'><strong>spatium,</strong></span> 
     </span>
     <span class='ocr_line' id='line_1_15' title="bbox 152 1160 1602 1217; baseline 0.002 -15"><span class='ocrx_word' id='word_1_129' title='bbox 152 1161 254 1216; x_wconf 89' lang='lat' dir='ltr'><strong>quod</strong></span> <span class='ocrx_word' id='word_1_130' title='bbox 283 1161 416 1202; x_wconf 88' lang='lat' dir='ltr'><strong>sidera</strong></span> <span class='ocrx_word' id='word_1_131' title='bbox 445 1160 675 1212; x_wconf 88' lang='lat' dir='ltr'><strong>abscondit,</strong></span> <span class='ocrx_word' id='word_1_132' title='bbox 720 1162 821 1216; x_wconf 83' lang='lat' dir='ltr'><strong>quod</strong></span> <span class='ocrx_word' id='word_1_133' title='bbox 846 1168 999 1213; x_wconf 86' lang='lat' dir='ltr'><strong>terras,</strong></span> <span class='ocrx_word' id='word_1_134' title='bbox 1043 1176 1130 1203; x_wconf 89' lang='lat' dir='ltr'><strong>cum</strong></span> <span class='ocrx_word' id='word_1_135' title='bbox 1154 1169 1262 1203; x_wconf 88' lang='lat' dir='ltr'><strong>tanto</strong></span> <span class='ocrx_word' id='word_1_136' title='bbox 1284 1163 1411 1204; x_wconf 90' lang='lat' dir='ltr'><strong>maior</strong></span> <span class='ocrx_word' id='word_1_137' title='bbox 1436 1163 1488 1204; x_wconf 88' lang='lat' dir='ltr'><strong>sit</strong></span> <span class='ocrx_word' id='word_1_138' title='bbox 1508 1164 1602 1217; x_wconf 87' lang='lat' dir='ltr'><strong>illis,</strong></span> 
     </span>
     <span class='ocr_line' id='line_1_16' title="bbox 150 1227 1604 1280; baseline 0.003 -11"><span class='ocrx_word' id='word_1_139' title='bbox 150 1242 228 1269; x_wconf 92' lang='lat' dir='ltr'><strong>non</strong></span> <span class='ocrx_word' id='word_1_140' title='bbox 252 1227 352 1280; x_wconf 85' lang='lat' dir='ltr'><strong>urit,</strong></span> <span class='ocrx_word' id='word_1_141' title='bbox 385 1228 455 1271; x_wconf 85' lang='lat' dir='ltr'><strong>sed</strong></span> <span class='ocrx_word' id='word_1_142' title='bbox 476 1228 648 1270; x_wconf 88' lang='lat' dir='ltr'><strong>calorem</strong></span> <span class='ocrx_word' id='word_1_143' title='bbox 669 1242 784 1270; x_wconf 89' lang='lat' dir='ltr'><strong>suum</strong></span> <span class='ocrx_word' id='word_1_144' title='bbox 806 1229 1092 1270; x_wconf 87' lang='lat' dir='ltr'><strong>intensionibus</strong></span> <span class='ocrx_word' id='word_1_145' title='bbox 1115 1243 1161 1270; x_wconf 89' lang='lat' dir='ltr'><strong>ac</strong></span> <span class='ocrx_word' id='word_1_146' title='bbox 1185 1230 1483 1272; x_wconf 89' lang='lat' dir='ltr'><strong>remissionibus</strong></span> <span class='ocrx_word' id='word_1_147' title='bbox 1505 1238 1604 1273; x_wconf 87' lang='lat' dir='ltr'><strong>tem-</strong></span> 
     </span>
     <span class='ocr_line' id='line_1_17' title="bbox 149 1295 1602 1352; baseline 0.004 -17"><span class='ocrx_word' id='word_1_148' title='bbox 149 1295 321 1350; x_wconf 87' lang='lat' dir='ltr'><strong>perando</strong></span> <span class='ocrx_word' id='word_1_149' title='bbox 352 1296 484 1347; x_wconf 85' lang='lat' dir='ltr'><strong>fouet,</strong></span> <span class='ocrx_word' id='word_1_150' title='bbox 527 1296 629 1351; x_wconf 92' lang='lat' dir='ltr'><strong>quod</strong></span> <span class='ocrx_word' id='word_1_151' title='bbox 657 1296 787 1337; x_wconf 87' lang='lat' dir='ltr'><strong>lunam</strong></span> <span class='ocrx_word' id='word_1_152' title='bbox 817 1310 1026 1351; x_wconf 87' lang='lat' dir='ltr'><strong>numquam</strong></span> <span class='ocrx_word' id='word_1_153' title='bbox 1056 1297 1176 1352; x_wconf 86' lang='lat' dir='ltr'><strong>inplet</strong></span> <span class='ocrx_word' id='word_1_154' title='bbox 1200 1297 1275 1338; x_wconf 93' lang='lat' dir='ltr'><strong>nisi</strong></span> <span class='ocrx_word' id='word_1_155' title='bbox 1297 1297 1504 1341; x_wconf 86' lang='lat' dir='ltr'><strong>aduersam</strong></span> <span class='ocrx_word' id='word_1_156' title='bbox 1527 1299 1602 1341; x_wconf 90' lang='lat' dir='ltr'><strong>sibi</strong></span> 
     </span>
     <span class='ocr_line' id='line_1_18' title="bbox 151 1355 1636 1418; baseline 0.003 -14"><span class='ocrx_word' id='word_1_157' title='bbox 151 1375 279 1417; x_wconf 86' lang='lat' dir='ltr'><strong>neque</strong></span> <span class='ocrx_word' id='word_1_158' title='bbox 310 1361 520 1404; x_wconf 84' lang='lat' dir='ltr'><strong>obscurat?</strong></span> <span class='ocrx_word' id='word_1_159' title='bbox 577 1355 850 1404; x_wconf 74' lang='lat' dir='ltr'><strong>Haec&#39;tamen</strong></span> <span class='ocrx_word' id='word_1_160' title='bbox 880 1378 960 1404; x_wconf 91' lang='lat' dir='ltr'><strong>nou</strong></span> <span class='ocrx_word' id='word_1_161' title='bbox 989 1363 1247 1415; x_wconf 85' lang='lat' dir='ltr'><strong>adnotamus,</strong></span> <span class='ocrx_word' id='word_1_162' title='bbox 1293 1365 1476 1418; x_wconf 90' lang='lat' dir='ltr'><strong>quamdiu</strong></span> <span class='ocrx_word' id='word_1_163' title='bbox 1505 1367 1636 1410; x_wconf 55' lang='lat' dir='ltr'><strong>ordei</strong></span> 
     </span>
     <span class='ocr_line' id='line_1_19' title="bbox 148 1429 1603 1486; baseline 0.003 -16"><span class='ocrx_word' id='word_1_164' title='bbox 148 1436 348 1471; x_wconf 86' lang='lat' dir='ltr'><strong>seruatur.</strong></span> <span class='ocrx_word' id='word_1_165' title='bbox 408 1429 443 1470; x_wconf 89' lang='lat' dir='ltr'><strong>si</strong></span> <span class='ocrx_word' id='word_1_166' title='bbox 465 1429 555 1485; x_wconf 86' lang='lat' dir='ltr'><strong>quid</strong></span> <span class='ocrx_word' id='word_1_167' title='bbox 581 1430 776 1472; x_wconf 85' lang='lat' dir='ltr'><strong>turbatum</strong></span> <span class='ocrx_word' id='word_1_168' title='bbox 811 1437 872 1471; x_wconf 86' lang='lat' dir='ltr'><strong>est</strong></span> <span class='ocrx_word' id='word_1_169' title='bbox 901 1445 947 1472; x_wconf 90' lang='lat' dir='ltr'><strong>ac</strong></span> <span class='ocrx_word' id='word_1_170' title='bbox 981 1437 1138 1486; x_wconf 87' lang='lat' dir='ltr'><strong>praeter</strong></span> <span class='ocrx_word' id='word_1_171' title='bbox 1159 1432 1481 1473; x_wconf 88' lang='lat' dir='ltr'><strong>consuetudinem</strong></span> <span class='ocrx_word' id='word_1_172' title='bbox 1506 1433 1603 1474; x_wconf 91' lang='lat' dir='ltr'><strong>emi-</strong></span> 
     </span>
     <span class='ocr_line' id='line_1_20' title="bbox 150 1496 1605 1555; baseline 0.003 -18"><span class='ocrx_word' id='word_1_173' title='bbox 150 1496 256 1548; x_wconf 86' lang='lat' dir='ltr'><strong>cuit,</strong></span> <span class='ocrx_word' id='word_1_174' title='bbox 289 1503 537 1553; x_wconf 84' lang='lat' dir='ltr'><strong>spectamus,</strong></span> <span class='ocrx_word' id='word_1_175' title='bbox 569 1496 884 1555; x_wconf 81' lang='lat' dir='ltr'><strong>interrogamus,</strong></span> <span class='ocrx_word' id='word_1_176' title='bbox 918 1498 1183 1540; x_wconf 85' lang='lat' dir='ltr'><strong>ostendimus:</strong></span> <span class='ocrx_word' id='word_1_177' title='bbox 1216 1498 1315 1539; x_wconf 85' lang='lat' dir='ltr'><strong>adeo</strong></span> <span class='ocrx_word' id='word_1_178' title='bbox 1340 1500 1519 1541; x_wconf 88' lang='lat' dir='ltr'><strong>naturale</strong></span> <span class='ocrx_word' id='word_1_179' title='bbox 1541 1507 1605 1542; x_wconf 89' lang='lat' dir='ltr'><strong>est</strong></span> 
     </span>
     <span class='ocr_line' id='line_1_21' title="bbox 151 1558 1602 1619; baseline 0.003 -14"><span class='ocrx_word' id='word_1_180' title='bbox 151 1563 277 1619; x_wconf 86' lang='lat' dir='ltr'><strong>magis</strong></span> <span class='ocrx_word' id='word_1_181' title='bbox 300 1558 405 1605; x_wconf 85' lang='lat' dir='ltr'><strong>noua</strong></span> <span class='ocrx_word' id='word_1_182' title='bbox 425 1577 538 1619; x_wconf 88' lang='lat' dir='ltr'><strong>quam</strong></span> <span class='ocrx_word' id='word_1_183' title='bbox 562 1577 703 1619; x_wconf 83' lang='lat' dir='ltr'><strong>magna</strong></span> <span class='ocrx_word' id='word_1_184' title='bbox 727 1565 877 1606; x_wconf 87' lang='lat' dir='ltr'><strong>mirari.</strong></span> <span class='ocrx_word' id='word_1_185' title='bbox 938 1563 1046 1606; x_wconf 91' lang='lat' dir='ltr'><strong>Idem</strong></span> <span class='ocrx_word' id='word_1_186' title='bbox 1074 1565 1115 1606; x_wconf 90' lang='lat' dir='ltr'><strong>in</strong></span> <span class='ocrx_word' id='word_1_187' title='bbox 1139 1566 1302 1606; x_wconf 88' lang='lat' dir='ltr'><strong>cometis</strong></span> <span class='ocrx_word' id='word_1_188' title='bbox 1324 1566 1388 1616; x_wconf 83' lang='lat' dir='ltr'><strong>lit:</strong></span> <span class='ocrx_word' id='word_1_189' title='bbox 1433 1567 1467 1607; x_wconf 87' lang='lat' dir='ltr'><strong>si</strong></span> <span class='ocrx_word' id='word_1_190' title='bbox 1489 1581 1602 1609; x_wconf 90' lang='lat' dir='ltr'><strong>rarus</strong></span> 
     </span>
     <span class='ocr_line' id='line_1_22' title="bbox 151 1631 1605 1690; baseline 0.002 -18"><span class='ocrx_word' id='word_1_191' title='bbox 151 1638 191 1672; x_wconf 93' lang='lat' dir='ltr'><strong>et</strong></span> <span class='ocrx_word' id='word_1_192' title='bbox 213 1631 395 1673; x_wconf 88' lang='lat' dir='ltr'><strong>insolitae</strong></span> <span class='ocrx_word' id='word_1_193' title='bbox 419 1631 569 1687; x_wconf 85' lang='lat' dir='ltr'><strong>figurae</strong></span> <span class='ocrx_word' id='word_1_194' title='bbox 590 1631 692 1688; x_wconf 86' lang='lat' dir='ltr'><strong>ignis</strong></span> <span class='ocrx_word' id='word_1_195' title='bbox 715 1632 918 1687; x_wconf 83' lang='lat' dir='ltr'><strong>adparuit,</strong></span> <span class='ocrx_word' id='word_1_196' title='bbox 951 1646 1067 1673; x_wconf 92' lang='lat' dir='ltr'><strong>nemo</strong></span> <span class='ocrx_word' id='word_1_197' title='bbox 1089 1646 1167 1674; x_wconf 92' lang='lat' dir='ltr'><strong>uon</strong></span> <span class='ocrx_word' id='word_1_198' title='bbox 1191 1633 1294 1674; x_wconf 89' lang='lat' dir='ltr'><strong>scire</strong></span> <span class='ocrx_word' id='word_1_199' title='bbox 1316 1633 1405 1688; x_wconf 88' lang='lat' dir='ltr'><strong>quid</strong></span> <span class='ocrx_word' id='word_1_200' title='bbox 1427 1634 1479 1674; x_wconf 89' lang='lat' dir='ltr'><strong>sit</strong></span> <span class='ocrx_word' id='word_1_201' title='bbox 1499 1634 1605 1690; x_wconf 89' lang='lat' dir='ltr'><strong>cupit</strong></span> 
     </span>
     <span class='ocr_line' id='line_1_23' title="bbox 150 1698 1605 1754; baseline 0.001 -13"><span class='ocrx_word' id='word_1_202' title='bbox 150 1704 191 1741; x_wconf 84' lang='lat' dir='ltr'><strong>et</strong></span> <span class='ocrx_word' id='word_1_203' title='bbox 215 1698 358 1745; x_wconf 89' lang='lat' dir='ltr'><strong>oblitus</strong></span> <span class='ocrx_word' id='word_1_204' title='bbox 384 1699 547 1740; x_wconf 88' lang='lat' dir='ltr'><strong>aliorum</strong></span> <span class='ocrx_word' id='word_1_205' title='bbox 575 1698 623 1740; x_wconf 90' lang='lat' dir='ltr'><strong>de</strong></span> <span class='ocrx_word' id='word_1_206' title='bbox 655 1699 875 1740; x_wconf 83' lang='lat' dir='ltr'><strong>aduent-icio</strong></span> <span class='ocrx_word' id='word_1_207' title='bbox 908 1699 1084 1754; x_wconf 86' lang='lat' dir='ltr'><strong>quaerit,</strong></span> <span class='ocrx_word' id='word_1_208' title='bbox 1128 1700 1289 1754; x_wconf 84' lang='lat' dir='ltr'><strong>ignarus</strong></span> <span class='ocrx_word' id='word_1_209' title='bbox 1310 1707 1439 1742; x_wconf 87' lang='lat' dir='ltr'><strong>utrum</strong></span> <span class='ocrx_word' id='word_1_210' title='bbox 1463 1700 1605 1743; x_wconf 86' lang='lat' dir='ltr'><strong>debeat</strong></span> 
     </span>
    </p>
   </div>
   <div class='ocr_carea' id='block_1_3' title="bbox 150 1813 854 1943">
    <p class='ocr_par' dir='ltr' id='par_1_3' title="bbox 150 1813 854 1943">
     <span class='ocr_line' id='line_1_24' title="bbox 193 1813 854 1852; baseline -0.002 -8"><span class='ocrx_word' id='word_1_211' title='bbox 193 1821 312 1844; x_wconf 83' lang='lat' dir='ltr'><strong>novum</strong></span> <span class='ocrx_word' id='word_1_212' title='bbox 333 1821 349 1844; x_wconf 87' lang='lat' dir='ltr'><strong>e</strong></span> <span class='ocrx_word' id='word_1_213' title='bbox 383 1814 466 1845; x_wconf 85' lang='lat' dir='ltr'><strong>coelo</strong></span> <span class='ocrx_word' id='word_1_214' title='bbox 500 1813 630 1852; x_wconf 83' lang='lat' dir='ltr'><strong>aliquod</strong></span> <span class='ocrx_word' id='word_1_215' title='bbox 663 1814 854 1844; x_wconf 81' lang='lat' dir='ltr'><strong>miraculum</strong></span> 
     </span>
     <span class='ocr_line' id='line_1_25' title="bbox 150 1857 854 1897; baseline 0.003 -11"><span class='ocrx_word' id='word_1_216' title='bbox 150 1871 197 1885; x_wconf 86' lang='lat'><strong>=</strong></span> <span class='ocrx_word' id='word_1_217' title='bbox 208 1857 296 1888; x_wconf 85' lang='lat' dir='ltr'><strong>BEe.</strong></span> <span class='ocrx_word' id='word_1_218' title='bbox 367 1857 433 1892; x_wconf 68' lang='lat'><strong>(323</strong></span> <span class='ocrx_word' id='word_1_219' title='bbox 445 1879 483 1892; x_wconf 70' lang='lat'><strong>..0</strong></span> <span class='ocrx_word' id='word_1_220' title='bbox 494 1857 580 1892; x_wconf 62' lang='grc' dir='ltr'><strong>ὀΐε-</strong></span> <span class='ocrx_word' id='word_1_221' title='bbox 593 1867 710 1889; x_wconf 83' lang='lat' dir='ltr'><strong>novum</strong></span> <span class='ocrx_word' id='word_1_222' title='bbox 724 1858 854 1897; x_wconf 82' lang='lat' dir='ltr'><strong>aliquod</strong></span> 
     </span>
     <span class='ocr_line' id='line_1_26' title="bbox 151 1903 853 1943; baseline -0.001 -9"><span class='ocrx_word' id='word_1_223' title='bbox 151 1912 168 1934; x_wconf 85' lang='lat' dir='ltr'><strong>e</strong></span> <span class='ocrx_word' id='word_1_224' title='bbox 200 1903 283 1934; x_wconf 81' lang='lat' dir='ltr'><strong>coelo</strong></span> <span class='ocrx_word' id='word_1_225' title='bbox 303 1903 506 1934; x_wconf 76' lang='lat' dir='ltr'><strong>miraculum.</strong></span> <span class='ocrx_word' id='word_1_226' title='bbox 554 1913 572 1933; x_wconf 88' lang='lat' dir='ltr'><strong>e</strong></span> <span class='ocrx_word' id='word_1_227' title='bbox 584 1916 629 1930; x_wconf 90' lang='lat'>=</span> <span class='ocrx_word' id='word_1_228' title='bbox 641 1903 829 1943; x_wconf 68' lang='lat' dir='ltr'><strong>mayreitudi</strong></span> <span class='ocrx_word' id='word_1_229' title='bbox 840 1920 853 1925; x_wconf 94' lang='lat'>-</span> 
     </span>
    </p>
   </div>
   <div class='ocr_carea' id='block_1_4' title="bbox 898 1811 1603 1945">
    <p class='ocr_par' dir='ltr' id='par_1_4' title="bbox 898 1811 1603 1945">
     <span class='ocr_line' id='line_1_27' title="bbox 898 1811 1603 1856; baseline 0.003 -12"><span class='ocrx_word' id='word_1_230' title='bbox 898 1811 954 1856; x_wconf 77' lang='lat' dir='ltr'><strong>tio]</strong></span> <span class='ocrx_word' id='word_1_231' title='bbox 977 1816 1094 1845; x_wconf 74' lang='lat' dir='ltr'><strong>statum</strong></span> <span class='ocrx_word' id='word_1_232' title='bbox 1113 1815 1253 1846; x_wconf 80' lang='lat' dir='ltr'><strong>inclinat.</strong></span> <span class='ocrx_word' id='word_1_233' title='bbox 1278 1813 1603 1855; x_wconf 61' lang='lat' dir='ltr'><strong>sm...ffi2.==quoa</strong></span> 
     </span>
     <span class='ocr_line' id='line_1_28' title="bbox 899 1858 1600 1892; baseline 0.003 -3"><span class='ocrx_word' id='word_1_234' title='bbox 899 1867 921 1888; x_wconf 88' lang='lat' dir='ltr'><strong>a</strong></span> <span class='ocrx_word' id='word_1_235' title='bbox 947 1858 1076 1890; x_wconf 80' lang='lat' dir='ltr'><strong>solstitio</strong></span> <span class='ocrx_word' id='word_1_236' title='bbox 1109 1861 1234 1890; x_wconf 78' lang='lat' dir='ltr'><strong>statim</strong></span> <span class='ocrx_word' id='word_1_237' title='bbox 1264 1861 1395 1891; x_wconf 79' lang='lat' dir='ltr'><strong>inclinat</strong></span> <span class='ocrx_word' id='word_1_238' title='bbox 1429 1858 1503 1892; x_wconf 91' lang='lat' dir='ltr'><strong>rell.</strong></span> <span class='ocrx_word' id='word_1_239' title='bbox 1533 1870 1600 1891; x_wconf 88' lang='lat' dir='ltr'><strong>om.</strong></span> 
     </span>
     <span class='ocr_line' id='line_1_29' title="bbox 899 1902 1326 1945; baseline 0.002 -11"><span class='ocrx_word' id='word_1_240' title='bbox 899 1904 1025 1934; x_wconf 81' lang='lat' dir='ltr'><strong>statim</strong></span> <span class='ocrx_word' id='word_1_241' title='bbox 1047 1902 1168 1945; x_wconf 85' lang='lat' dir='ltr'><strong>probat</strong></span> <span class='ocrx_word' id='word_1_242' title='bbox 1188 1903 1326 1936; x_wconf 86' lang='lat' dir='ltr'><strong>Koeler.</strong></span> 
     </span>
    </p>
   </div>
   <div class='ocr_carea' id='block_1_5' title="bbox 150 1946 859 2839">
    <p class='ocr_par' dir='ltr' id='par_1_5' title="bbox 150 1946 852 2070">
     <span class='ocr_line' id='line_1_30' title="bbox 151 1946 852 1988; baseline -0.006 -8"><span class='ocrx_word' id='word_1_243' title='bbox 151 1958 175 1980; x_wconf 79' lang='lat' dir='ltr'><strong>n</strong></span> <span class='ocrx_word' id='word_1_244' title='bbox 185 1956 212 1980; x_wconf 85' lang='lat' dir='ltr'><strong>e.</strong></span> <span class='ocrx_word' id='word_1_245' title='bbox 236 1946 322 1979; x_wconf 83' lang='lat' dir='ltr'><strong>G=</strong></span> <span class='ocrx_word' id='word_1_246' title='bbox 334 1950 369 1979; x_wconf 78' lang='lat' dir='ltr'><strong>ut</strong></span> <span class='ocrx_word' id='word_1_247' title='bbox 389 1957 410 1979; x_wconf 77' lang='grc' dir='ltr'><strong>π</strong></span> <span class='ocrx_word' id='word_1_248' title='bbox 422 1957 469 1979; x_wconf 78' lang='lat' dir='ltr'><strong>ox</strong></span> <span class='ocrx_word' id='word_1_249' title='bbox 489 1949 662 1980; x_wconf 83' lang='lat' dir='ltr'><strong>cotidiana.</strong></span> <span class='ocrx_word' id='word_1_250' title='bbox 690 1948 852 1988; x_wconf 68' lang='lat' dir='ltr'><strong>G(cr.m)</strong></span> 
     </span>
     <span class='ocr_line' id='line_1_31' title="bbox 151 1992 852 2033; baseline -0.004 -8"><span class='ocrx_word' id='word_1_251' title='bbox 151 2007 198 2021; x_wconf 82' lang='lat'>=</span> <span class='ocrx_word' id='word_1_252' title='bbox 218 2001 335 2033; x_wconf 85' lang='lat' dir='ltr'><strong>quem</strong></span> <span class='ocrx_word' id='word_1_253' title='bbox 367 1994 396 2024; x_wconf 82' lang='lat' dir='ltr'><strong>si</strong></span> <span class='ocrx_word' id='word_1_254' title='bbox 427 1993 648 2024; x_wconf 81' lang='lat' dir='ltr'><strong>admiratione.</strong></span> <span class='ocrx_word' id='word_1_255' title='bbox 696 1992 727 2024; x_wconf 91' lang='lat' dir='ltr'>G</span> <span class='ocrx_word' id='word_1_256' title='bbox 739 1994 852 2033; x_wconf 64' lang='lat' dir='ltr'><strong>(mm)</strong></span> 
     </span>
     <span class='ocr_line' id='line_1_32' title="bbox 150 2040 380 2070; baseline -0.013 1"><span class='ocrx_word' id='word_1_257' title='bbox 150 2054 196 2063; x_wconf 92' lang='lat'>—</span> <span class='ocrx_word' id='word_1_258' title='bbox 209 2040 380 2070; x_wconf 79' lang='lat' dir='ltr'><strong>transeant.</strong></span> 
     </span>
    </p>

    <p class='ocr_par' dir='ltr' id='par_1_6' title="bbox 151 2079 855 2214">
     <span class='ocr_line' id='line_1_33' title="bbox 199 2079 855 2125; baseline -0.002 -11"><span class='ocrx_word' id='word_1_259' title='bbox 199 2079 233 2114; x_wconf 82' lang='lat'><strong>2.</strong></span> <span class='ocrx_word' id='word_1_260' title='bbox 257 2082 284 2114; x_wconf 89' lang='grc' dir='ltr'><strong>Ε</strong></span> <span class='ocrx_word' id='word_1_261' title='bbox 293 2095 339 2110; x_wconf 83' lang='lat'><strong>==</strong></span> <span class='ocrx_word' id='word_1_262' title='bbox 350 2083 370 2114; x_wconf 82' lang='lat' dir='ltr'><strong><em>h</em></strong></span> <span class='ocrx_word' id='word_1_263' title='bbox 380 2091 398 2114; x_wconf 91' lang='lat' dir='ltr'><strong>o</strong></span> <span class='ocrx_word' id='word_1_264' title='bbox 409 2091 425 2122; x_wconf 81' lang='lat' dir='ltr'><strong>c</strong></span> <span class='ocrx_word' id='word_1_265' title='bbox 445 2083 550 2122; x_wconf 71' lang='lat' dir='ltr'><strong>itaque</strong></span> <span class='ocrx_word' id='word_1_266' title='bbox 563 2085 666 2114; x_wconf 84' lang='lat' dir='ltr'><strong>coelus</strong></span> <span class='ocrx_word' id='word_1_267' title='bbox 685 2080 756 2125; x_wconf 78' lang='lat' dir='ltr'><strong>(sed</strong></span> <span class='ocrx_word' id='word_1_268' title='bbox 773 2080 855 2113; x_wconf 86' lang='lat' dir='ltr'><strong>scri-</strong></span> 
     </span>
     <span class='ocr_line' id='line_1_34' title="bbox 151 2125 855 2169; baseline 0 -11"><span class='ocrx_word' id='word_1_269' title='bbox 151 2125 203 2159; x_wconf 83' lang='lat' dir='ltr'><strong>bit</strong></span> <span class='ocrx_word' id='word_1_270' title='bbox 227 2125 336 2169; x_wconf 81' lang='lat' dir='ltr'><strong>nota).</strong></span> <span class='ocrx_word' id='word_1_271' title='bbox 384 2127 409 2157; x_wconf 94' lang='lat' dir='ltr'>B</span> <span class='ocrx_word' id='word_1_272' title='bbox 434 2125 515 2158; x_wconf 80' lang='lat' dir='ltr'><strong>Brit.</strong></span> <span class='ocrx_word' id='word_1_273' title='bbox 538 2127 572 2161; x_wconf 63' lang='grc' dir='ltr'><strong>ἆῗ</strong></span> <span class='ocrx_word' id='word_1_274' title='bbox 593 2141 639 2154; x_wconf 92' lang='lat'>=</span> <span class='ocrx_word' id='word_1_275' title='bbox 661 2128 784 2167; x_wconf 79' lang='lat' dir='ltr'><strong>aliquid</strong></span> <span class='ocrx_word' id='word_1_276' title='bbox 815 2136 855 2158; x_wconf 78' lang='lat' dir='ltr'><strong>ex</strong></span> 
     </span>
     <span class='ocr_line' id='line_1_35' title="bbox 153 2170 852 2214; baseline -0.004 -9"><span class='ocrx_word' id='word_1_277' title='bbox 153 2181 239 2204; x_wconf 79' lang='lat' dir='ltr'><strong>more</strong></span> <span class='ocrx_word' id='word_1_278' title='bbox 262 2173 306 2204; x_wconf 77' lang='lat' dir='ltr'><strong>in</strong></span> <span class='ocrx_word' id='word_1_279' title='bbox 315 2180 392 2204; x_wconf 86' lang='lat' dir='ltr'><strong>nov</strong></span> <span class='ocrx_word' id='word_1_280' title='bbox 401 2181 422 2202; x_wconf 89' lang='lat' dir='ltr'><strong>a</strong></span> <span class='ocrx_word' id='word_1_281' title='bbox 432 2174 444 2203; x_wconf 79' lang='lat' dir='ltr'><strong>t</strong></span> <span class='ocrx_word' id='word_1_282' title='bbox 453 2180 516 2202; x_wconf 84' lang='lat' dir='ltr'><strong>um</strong></span> <span class='ocrx_word' id='word_1_283' title='bbox 540 2174 594 2203; x_wconf 79' lang='lat' dir='ltr'><strong>est.</strong></span> <span class='ocrx_word' id='word_1_284' title='bbox 616 2170 737 2214; x_wconf 81' lang='lat' dir='ltr'><strong>probat</strong></span> <span class='ocrx_word' id='word_1_285' title='bbox 749 2171 852 2203; x_wconf 86' lang='lat' dir='ltr'><strong>Gron.</strong></span> 
     </span>
    </p>

    <p class='ocr_par' dir='ltr' id='par_1_7' title="bbox 151 2217 854 2339">
     <span class='ocr_line' id='line_1_36' title="bbox 197 2217 854 2249; baseline -0.008 0"><span class='ocrx_word' id='word_1_286' title='bbox 197 2218 232 2249; x_wconf 78' lang='lat' dir='ltr'><strong>in</strong></span> <span class='ocrx_word' id='word_1_287' title='bbox 254 2218 337 2249; x_wconf 81' lang='lat' dir='ltr'><strong>coelo</strong></span> <span class='ocrx_word' id='word_1_288' title='bbox 366 2217 468 2248; x_wconf 79' lang='lat' dir='ltr'><strong>voltus</strong></span> <span class='ocrx_word' id='word_1_289' title='bbox 499 2219 543 2248; x_wconf 80' lang='lat' dir='ltr'><strong>est</strong></span> <span class='ocrx_word' id='word_1_290' title='bbox 564 2230 611 2244; x_wconf 93' lang='lat'>=</span> <span class='ocrx_word' id='word_1_291' title='bbox 635 2217 690 2247; x_wconf 86' lang='lat' dir='ltr'><strong>Ee.</strong></span> <span class='ocrx_word' id='word_1_292' title='bbox 760 2217 786 2247; x_wconf 87' lang='lat' dir='ltr'>B</span> <span class='ocrx_word' id='word_1_293' title='bbox 807 2231 854 2244; x_wconf 90' lang='lat'><strong><em>=</em></strong></span> 
     </span>
     <span class='ocr_line' id='line_1_37' title="bbox 151 2261 854 2296; baseline 0.004 -2"><span class='ocrx_word' id='word_1_294' title='bbox 151 2263 258 2294; x_wconf 70' lang='lat' dir='ltr'><strong>vultus</strong></span> <span class='ocrx_word' id='word_1_295' title='bbox 272 2263 312 2295; x_wconf 22' lang='lat' dir='ltr'><strong>tin</strong></span> <span class='ocrx_word' id='word_1_296' title='bbox 337 2262 472 2292; x_wconf 84' lang='lat' dir='ltr'><strong>coelum</strong></span> <span class='ocrx_word' id='word_1_297' title='bbox 504 2265 610 2293; x_wconf 83' lang='lat' dir='ltr'><strong>sunt.</strong></span> <span class='ocrx_word' id='word_1_298' title='bbox 660 2261 736 2296; x_wconf 62' lang='grc' dir='ltr'><strong>(ΗΒ</strong></span> <span class='ocrx_word' id='word_1_299' title='bbox 749 2283 760 2296; x_wconf 84' lang='lat'><strong>.</strong></span> <span class='ocrx_word' id='word_1_300' title='bbox 773 2283 782 2295; x_wconf 90' lang='lat'><strong>.</strong></span> <span class='ocrx_word' id='word_1_301' title='bbox 797 2284 807 2296; x_wconf 95' lang='lat'><strong>.</strong></span> <span class='ocrx_word' id='word_1_302' title='bbox 821 2262 854 2296; x_wconf 59' lang='lat' dir='ltr'><strong>ST</strong></span> 
     </span>
     <span class='ocr_line' id='line_1_38' title="bbox 151 2306 605 2339; baseline 0.002 -3"><span class='ocrx_word' id='word_1_303' title='bbox 151 2308 315 2339; x_wconf 81' lang='lat' dir='ltr'><strong>=vuuus</strong></span> <span class='ocrx_word' id='word_1_304' title='bbox 336 2307 369 2337; x_wconf 83' lang='lat' dir='ltr'><strong>in</strong></span> <span class='ocrx_word' id='word_1_305' title='bbox 393 2306 475 2337; x_wconf 83' lang='lat' dir='ltr'><strong>coelo</strong></span> <span class='ocrx_word' id='word_1_306' title='bbox 496 2309 605 2338; x_wconf 79' lang='lat' dir='ltr'><strong>sunl.</strong></span> 
     </span>
    </p>

    <p class='ocr_par' dir='ltr' id='par_1_8' title="bbox 152 2351 855 2524">
     <span class='ocr_line' id='line_1_39' title="bbox 198 2351 852 2390; baseline -0.003 -7"><span class='ocrx_word' id='word_1_307' title='bbox 198 2352 258 2383; x_wconf 78' lang='lat' dir='ltr'><strong>nisi</strong></span> <span class='ocrx_word' id='word_1_308' title='bbox 281 2351 411 2390; x_wconf 76' lang='lat' dir='ltr'><strong>defecit</strong></span> <span class='ocrx_word' id='word_1_309' title='bbox 435 2359 498 2381; x_wconf 82' lang='lat' dir='ltr'><strong>non</strong></span> <span class='ocrx_word' id='word_1_310' title='bbox 518 2351 608 2381; x_wconf 82' lang='lat' dir='ltr'><strong>habet</strong></span> <span class='ocrx_word' id='word_1_311' title='bbox 630 2364 675 2378; x_wconf 81' lang='lat'><strong>==</strong></span> <span class='ocrx_word' id='word_1_312' title='bbox 697 2351 755 2382; x_wconf 81' lang='lat' dir='ltr'><strong>Ee.</strong></span> <span class='ocrx_word' id='word_1_313' title='bbox 826 2351 852 2381; x_wconf 90' lang='lat' dir='ltr'>B</span> 
     </span>
     <span class='ocr_line' id='line_1_40' title="bbox 157 2391 854 2435; baseline 0 -9"><span class='ocrx_word' id='word_1_314' title='bbox 157 2395 188 2426; x_wconf 83' lang='lat' dir='ltr'><strong>G</strong></span> <span class='ocrx_word' id='word_1_315' title='bbox 201 2391 258 2427; x_wconf 75' lang='lat'><strong>1²4.</strong></span> <span class='ocrx_word' id='word_1_316' title='bbox 281 2393 399 2429; x_wconf 71' lang='grc' dir='ltr'><strong>(101.ἕὸ</strong></span> <span class='ocrx_word' id='word_1_317' title='bbox 411 2416 449 2428; x_wconf 68' lang='lat' dir='ltr'><strong>m</strong></span> <span class='ocrx_word' id='word_1_318' title='bbox 461 2393 494 2428; x_wconf 64' lang='lat' dir='ltr'><strong>St*</strong></span> <span class='ocrx_word' id='word_1_319' title='bbox 506 2396 623 2426; x_wconf 79' lang='lat' dir='ltr'><strong>==m¹si</strong></span> <span class='ocrx_word' id='word_1_320' title='bbox 646 2404 732 2427; x_wconf 83' lang='lat' dir='ltr'><strong>cum</strong></span> <span class='ocrx_word' id='word_1_321' title='bbox 756 2395 854 2435; x_wconf 74' lang='lat' dir='ltr'><strong>defi-</strong></span> 
     </span>
     <span class='ocr_line' id='line_1_41' title="bbox 155 2437 855 2479; baseline -0.001 -7"><span class='ocrx_word' id='word_1_322' title='bbox 155 2442 196 2472; x_wconf 77' lang='lat' dir='ltr'><strong>cit</strong></span> <span class='ocrx_word' id='word_1_323' title='bbox 207 2463 218 2479; x_wconf 93' lang='lat'><strong>,</strong></span> <span class='ocrx_word' id='word_1_324' title='bbox 251 2449 315 2470; x_wconf 82' lang='lat' dir='ltr'><strong>non</strong></span> <span class='ocrx_word' id='word_1_325' title='bbox 348 2439 450 2470; x_wconf 78' lang='lat' dir='ltr'><strong>habel.</strong></span> <span class='ocrx_word' id='word_1_326' title='bbox 495 2437 554 2471; x_wconf 73' lang='lat'><strong>1³3.</strong></span> <span class='ocrx_word' id='word_1_327' title='bbox 578 2453 624 2466; x_wconf 92' lang='lat'><strong><em>=</em></strong></span> <span class='ocrx_word' id='word_1_328' title='bbox 645 2441 707 2471; x_wconf 78' lang='lat' dir='ltr'><strong>nisi</strong></span> <span class='ocrx_word' id='word_1_329' title='bbox 730 2440 787 2479; x_wconf 74' lang='lat' dir='ltr'><strong>def</strong></span> <span class='ocrx_word' id='word_1_330' title='bbox 792 2441 804 2470; x_wconf 85' lang='lat' dir='ltr'><strong>i</strong></span> <span class='ocrx_word' id='word_1_331' title='bbox 814 2441 855 2471; x_wconf 75' lang='lat' dir='ltr'><strong>cit</strong></span> 
     </span>
     <span class='ocr_line' id='line_1_42' title="bbox 152 2483 854 2524; baseline -0.003 -7"><span class='ocrx_word' id='word_1_332' title='bbox 152 2494 216 2517; x_wconf 79' lang='lat' dir='ltr'><strong>non</strong></span> <span class='ocrx_word' id='word_1_333' title='bbox 237 2485 338 2520; x_wconf 80' lang='lat' dir='ltr'><strong>habel.</strong></span> <span class='ocrx_word' id='word_1_334' title='bbox 386 2483 468 2514; x_wconf 82' lang='lat' dir='ltr'><strong>B==</strong></span> <span class='ocrx_word' id='word_1_335' title='bbox 488 2487 560 2515; x_wconf 82' lang='lat' dir='ltr'><strong>tunc</strong></span> <span class='ocrx_word' id='word_1_336' title='bbox 581 2486 710 2524; x_wconf 80' lang='lat' dir='ltr'><strong>quisque</strong></span> <span class='ocrx_word' id='word_1_337' title='bbox 730 2493 789 2524; x_wconf 83' lang='lat' dir='ltr'><strong>pro</strong></span> <span class='ocrx_word' id='word_1_338' title='bbox 812 2493 854 2515; x_wconf 85' lang='lat' dir='ltr'><strong>se.</strong></span> 
     </span>
    </p>

    <p class='ocr_par' dir='ltr' id='par_1_9' title="bbox 154 2528 853 2616">
     <span class='ocr_line' id='line_1_43' title="bbox 199 2528 853 2571; baseline -0.003 -9"><span class='ocrx_word' id='word_1_339' title='bbox 199 2528 234 2562; x_wconf 80' lang='lat'><strong>3.</strong></span> <span class='ocrx_word' id='word_1_340' title='bbox 261 2528 290 2559; x_wconf 90' lang='lat' dir='ltr'><strong>G</strong></span> <span class='ocrx_word' id='word_1_341' title='bbox 304 2529 454 2568; x_wconf 69' lang='lat' dir='ltr'><strong>(sm)—</strong></span> <span class='ocrx_word' id='word_1_342' title='bbox 465 2532 536 2560; x_wconf 77' lang='lat' dir='ltr'><strong>sunt</strong></span> <span class='ocrx_word' id='word_1_343' title='bbox 557 2533 643 2571; x_wconf 78' lang='lat' dir='ltr'><strong>post</strong></span> <span class='ocrx_word' id='word_1_344' title='bbox 658 2530 794 2560; x_wconf 81' lang='lat' dir='ltr'><strong>maiora.</strong></span> <span class='ocrx_word' id='word_1_345' title='bbox 828 2529 853 2559; x_wconf 88' lang='lat' dir='ltr'>B</span> 
     </span>
     <span class='ocr_line' id='line_1_44' title="bbox 154 2574 507 2616; baseline -0.006 -10"><span class='ocrx_word' id='word_1_346' title='bbox 154 2589 197 2602; x_wconf 90' lang='lat'>=</span> <span class='ocrx_word' id='word_1_347' title='bbox 210 2575 294 2616; x_wconf 86' lang='lat' dir='ltr'><strong>quod</strong></span> <span class='ocrx_word' id='word_1_348' title='bbox 316 2574 383 2605; x_wconf 78' lang='lat' dir='ltr'><strong>dies</strong></span> <span class='ocrx_word' id='word_1_349' title='bbox 406 2574 507 2605; x_wconf 77' lang='lat' dir='ltr'><strong>habet.</strong></span> 
     </span>
    </p>

    <p class='ocr_par' dir='ltr' id='par_1_10' title="bbox 155 2619 859 2839">
     <span class='ocr_line' id='line_1_45' title="bbox 200 2619 857 2660; baseline 0 -10"><span class='ocrx_word' id='word_1_350' title='bbox 200 2619 308 2660; x_wconf 84' lang='lat' dir='ltr'><strong>quod</strong></span> <span class='ocrx_word' id='word_1_351' title='bbox 329 2627 350 2650; x_wconf 85' lang='lat' dir='ltr'><strong>a</strong></span> <span class='ocrx_word' id='word_1_352' title='bbox 374 2619 570 2650; x_wconf 79' lang='lat' dir='ltr'><strong>solstitio</strong></span> <span class='ocrx_word' id='word_1_353' title='bbox 593 2619 647 2650; x_wconf 88' lang='lat' dir='ltr'><strong>ad</strong></span> <span class='ocrx_word' id='word_1_354' title='bbox 670 2620 857 2651; x_wconf 80' lang='lat' dir='ltr'><strong>minuen-</strong></span> 
     </span>
     <span class='ocr_line' id='line_1_46' title="bbox 157 2664 857 2704; baseline -0.001 -8"><span class='ocrx_word' id='word_1_355' title='bbox 157 2665 230 2696; x_wconf 74' lang='lat' dir='ltr'><strong>dos</strong></span> <span class='ocrx_word' id='word_1_356' title='bbox 253 2664 348 2695; x_wconf 81' lang='lat' dir='ltr'><strong>dies</strong></span> <span class='ocrx_word' id='word_1_357' title='bbox 367 2665 575 2703; x_wconf 80' lang='lat' dir='ltr'><strong>vertitur,</strong></span> <span class='ocrx_word' id='word_1_358' title='bbox 606 2664 690 2704; x_wconf 88' lang='lat' dir='ltr'><strong>quod</strong></span> <span class='ocrx_word' id='word_1_359' title='bbox 712 2673 734 2694; x_wconf 87' lang='lat' dir='ltr'><strong>a</strong></span> <span class='ocrx_word' id='word_1_360' title='bbox 756 2665 857 2696; x_wconf 81' lang='lat' dir='ltr'><strong>solsti-</strong></span> 
     </span>
     <span class='ocr_line' id='line_1_47' title="bbox 156 2707 855 2744; baseline -0.001 -4"><span class='ocrx_word' id='word_1_361' title='bbox 156 2711 198 2740; x_wconf 77' lang='lat' dir='ltr'><strong>lio</strong></span> <span class='ocrx_word' id='word_1_362' title='bbox 210 2711 302 2741; x_wconf 79' lang='lat' dir='ltr'><strong>statu</strong></span> <span class='ocrx_word' id='word_1_363' title='bbox 311 2717 345 2740; x_wconf 84' lang='lat' dir='ltr'><strong>m</strong></span> <span class='ocrx_word' id='word_1_364' title='bbox 366 2708 498 2740; x_wconf 79' lang='lat' dir='ltr'><strong>inclinat</strong></span> <span class='ocrx_word' id='word_1_365' title='bbox 508 2722 553 2736; x_wconf 91' lang='lat'><strong><em>=</em></strong></span> <span class='ocrx_word' id='word_1_366' title='bbox 569 2708 641 2740; x_wconf 86' lang='lat' dir='ltr'><strong>BEe</strong></span> <span class='ocrx_word' id='word_1_367' title='bbox 653 2707 712 2740; x_wconf 83' lang='lat' dir='ltr'><strong>Gr.</strong></span> <span class='ocrx_word' id='word_1_368' title='bbox 725 2708 758 2743; x_wconf 76' lang='lat' dir='ltr'><strong>&gt;B</strong></span> <span class='ocrx_word' id='word_1_369' title='bbox 772 2731 810 2744; x_wconf 77' lang='grc'><strong>..,</strong></span> <span class='ocrx_word' id='word_1_370' title='bbox 822 2709 855 2743; x_wconf 67' lang='lat'><strong>(5</strong></span> 
     </span>
     <span class='ocr_line' id='line_1_48' title="bbox 160 2753 859 2795; baseline -0.003 -7"><span class='ocrx_word' id='word_1_371' title='bbox 160 2754 219 2789; x_wconf 69' lang='lat' dir='ltr'><strong>{Ru</strong></span> <span class='ocrx_word' id='word_1_372' title='bbox 230 2753 276 2788; x_wconf 60' lang='lat' dir='ltr'><strong>R.</strong></span> <span class='ocrx_word' id='word_1_373' title='bbox 346 2753 433 2784; x_wconf 88' lang='lat' dir='ltr'><strong>G=</strong></span> <span class='ocrx_word' id='word_1_374' title='bbox 445 2754 530 2794; x_wconf 87' lang='lat' dir='ltr'><strong>quod</strong></span> <span class='ocrx_word' id='word_1_375' title='bbox 552 2763 573 2785; x_wconf 87' lang='lat' dir='ltr'><strong>a</strong></span> <span class='ocrx_word' id='word_1_376' title='bbox 596 2754 724 2785; x_wconf 76' lang='lat' dir='ltr'><strong>solstitio</strong></span> <span class='ocrx_word' id='word_1_377' title='bbox 749 2753 797 2795; x_wconf 88' lang='lat' dir='ltr'><strong>[m</strong></span> <span class='ocrx_word' id='word_1_378' title='bbox 814 2754 859 2786; x_wconf 85' lang='lat' dir='ltr'><strong>ad</strong></span> 
     </span>
     <span class='ocr_line' id='line_1_49' title="bbox 155 2797 859 2839; baseline 0 -8"><span class='ocrx_word' id='word_1_379' title='bbox 155 2798 343 2831; x_wconf 78' lang='lat' dir='ltr'><strong>minuendos</strong></span> <span class='ocrx_word' id='word_1_380' title='bbox 372 2799 464 2830; x_wconf 81' lang='lat' dir='ltr'><strong>diem</strong></span> <span class='ocrx_word' id='word_1_381' title='bbox 496 2808 517 2831; x_wconf 90' lang='lat' dir='ltr'><strong>u</strong></span> <span class='ocrx_word' id='word_1_382' title='bbox 527 2800 612 2831; x_wconf 78' lang='lat' dir='ltr'><strong>titur.</strong></span> <span class='ocrx_word' id='word_1_383' title='bbox 651 2797 736 2839; x_wconf 86' lang='lat' dir='ltr'><strong>quod</strong></span> <span class='ocrx_word' id='word_1_384' title='bbox 758 2800 859 2831; x_wconf 74' lang='lat' dir='ltr'><strong>solsti-</strong></span> 
     </span>
    </p>
   </div>
   <div class='ocr_carea' id='block_1_6' title="bbox 899 1948 1603 2295">
    <p class='ocr_par' dir='ltr' id='par_1_11' title="bbox 899 1948 1603 2168">
     <span class='ocr_line' id='line_1_50' title="bbox 945 1948 1509 1989; baseline 0.002 -10"><span class='ocrx_word' id='word_1_385' title='bbox 945 1948 1001 1979; x_wconf 78' lang='lat' dir='ltr'><strong>dat</strong></span> <span class='ocrx_word' id='word_1_386' title='bbox 1022 1950 1163 1980; x_wconf 80' lang='lat' dir='ltr'><strong>noctibus</strong></span> <span class='ocrx_word' id='word_1_387' title='bbox 1183 1951 1323 1989; x_wconf 83' lang='lat' dir='ltr'><strong>spatium</strong></span> <span class='ocrx_word' id='word_1_388' title='bbox 1333 1963 1379 1977; x_wconf 89' lang='lat'>=</span> <span class='ocrx_word' id='word_1_389' title='bbox 1391 1949 1509 1981; x_wconf 86' lang='lat' dir='ltr'><strong>BEeG.</strong></span> 
     </span>
     <span class='ocr_line' id='line_1_51' title="bbox 899 1992 1602 2034; baseline -0.001 -7"><span class='ocrx_word' id='word_1_390' title='bbox 899 1994 932 2027; x_wconf 62' lang='lat'><strong>§23</strong></span> <span class='ocrx_word' id='word_1_391' title='bbox 945 2015 983 2027; x_wconf 62' lang='grc' dir='ltr'>ω</span> <span class='ocrx_word' id='word_1_392' title='bbox 997 1992 1029 2027; x_wconf 60' lang='lat' dir='ltr'><strong><em>R</em></strong></span> <span class='ocrx_word' id='word_1_393' title='bbox 1039 2007 1085 2020; x_wconf 90' lang='lat'>=</span> <span class='ocrx_word' id='word_1_394' title='bbox 1096 1994 1152 2025; x_wconf 82' lang='lat' dir='ltr'><strong>dat</strong></span> <span class='ocrx_word' id='word_1_395' title='bbox 1175 1996 1315 2034; x_wconf 75' lang='lat' dir='ltr'><strong>spatium</strong></span> <span class='ocrx_word' id='word_1_396' title='bbox 1335 1995 1485 2026; x_wconf 77' lang='lat' dir='ltr'><strong>noctibus.</strong></span> <span class='ocrx_word' id='word_1_397' title='bbox 1517 1995 1542 2026; x_wconf 91' lang='lat' dir='ltr'>B</span> <span class='ocrx_word' id='word_1_398' title='bbox 1555 2008 1602 2022; x_wconf 87' lang='lat'><strong><em>=</em></strong></span> 
     </span>
     <span class='ocr_line' id='line_1_52' title="bbox 899 2038 1602 2078; baseline 0.001 -8"><span class='ocrx_word' id='word_1_399' title='bbox 899 2038 954 2070; x_wconf 86' lang='lat' dir='ltr'><strong>sed</strong></span> <span class='ocrx_word' id='word_1_400' title='bbox 977 2039 1064 2078; x_wconf 86' lang='lat' dir='ltr'><strong>aliq</strong></span> <span class='ocrx_word' id='word_1_401' title='bbox 1074 2048 1095 2069; x_wconf 88' lang='lat' dir='ltr'><strong>u</strong></span> <span class='ocrx_word' id='word_1_402' title='bbox 1105 2047 1120 2070; x_wconf 89' lang='lat' dir='ltr'><strong>e</strong></span> <span class='ocrx_word' id='word_1_403' title='bbox 1129 2047 1161 2070; x_wconf 86' lang='lat' dir='ltr'><strong>m</strong></span> <span class='ocrx_word' id='word_1_404' title='bbox 1185 2048 1279 2070; x_wconf 86' lang='lat' dir='ltr'><strong>suum</strong></span> <span class='ocrx_word' id='word_1_405' title='bbox 1304 2041 1536 2072; x_wconf 80' lang='lat' dir='ltr'><strong>intensionibus.</strong></span> <span class='ocrx_word' id='word_1_406' title='bbox 1570 2039 1602 2071; x_wconf 88' lang='lat' dir='ltr'><strong>G</strong></span> 
     </span>
     <span class='ocr_line' id='line_1_53' title="bbox 899 2084 1603 2125; baseline 0.006 -12"><span class='ocrx_word' id='word_1_407' title='bbox 899 2097 945 2110; x_wconf 91' lang='lat'><strong><em>=</em></strong></span> <span class='ocrx_word' id='word_1_408' title='bbox 966 2086 1048 2123; x_wconf 84' lang='lat' dir='ltr'><strong>temp</strong></span> <span class='ocrx_word' id='word_1_409' title='bbox 1058 2086 1068 2114; x_wconf 76' lang='lat' dir='ltr'><strong>t</strong></span> <span class='ocrx_word' id='word_1_410' title='bbox 1079 2092 1099 2114; x_wconf 83' lang='lat' dir='ltr'><strong>a</strong></span> <span class='ocrx_word' id='word_1_411' title='bbox 1109 2093 1131 2114; x_wconf 87' lang='lat' dir='ltr'><strong>n</strong></span> <span class='ocrx_word' id='word_1_412' title='bbox 1140 2084 1162 2115; x_wconf 88' lang='lat' dir='ltr'><strong>d</strong></span> <span class='ocrx_word' id='word_1_413' title='bbox 1172 2093 1190 2115; x_wconf 95' lang='grc' dir='ltr'><strong><em>ο</em></strong></span> <span class='ocrx_word' id='word_1_414' title='bbox 1214 2085 1306 2124; x_wconf 74' lang='lat' dir='ltr'><strong>fovet.</strong></span> <span class='ocrx_word' id='word_1_415' title='bbox 1354 2084 1380 2115; x_wconf 90' lang='lat' dir='ltr'>B</span> <span class='ocrx_word' id='word_1_416' title='bbox 1393 2098 1437 2111; x_wconf 96' lang='lat'><strong><em>=</em></strong></span> <span class='ocrx_word' id='word_1_417' title='bbox 1449 2087 1603 2125; x_wconf 73' lang='lat' dir='ltr'><strong>tempera·</strong></span> 
     </span>
     <span class='ocr_line' id='line_1_54' title="bbox 900 2128 1151 2168; baseline 0 -9"><span class='ocrx_word' id='word_1_418' title='bbox 900 2137 932 2159; x_wconf 91' lang='lat' dir='ltr'><strong>m</strong></span> <span class='ocrx_word' id='word_1_419' title='bbox 943 2137 959 2159; x_wconf 89' lang='lat' dir='ltr'><strong>e</strong></span> <span class='ocrx_word' id='word_1_420' title='bbox 968 2130 1038 2159; x_wconf 81' lang='lat' dir='ltr'><strong>nto</strong></span> <span class='ocrx_word' id='word_1_421' title='bbox 1059 2128 1151 2168; x_wconf 75' lang='lat' dir='ltr'><strong>fovet.</strong></span> 
     </span>
    </p>

    <p class='ocr_par' dir='ltr' id='par_1_12' title="bbox 900 2173 1382 2252">
     <span class='ocr_line' id='line_1_55' title="bbox 945 2173 1382 2212; baseline 0.002 -9"><span class='ocrx_word' id='word_1_422' title='bbox 945 2181 1011 2212; x_wconf 80' lang='lat' dir='ltr'><strong>neq</strong></span> <span class='ocrx_word' id='word_1_423' title='bbox 1023 2181 1066 2203; x_wconf 87' lang='lat' dir='ltr'><strong>ue</strong></span> <span class='ocrx_word' id='word_1_424' title='bbox 1090 2174 1234 2204; x_wconf 79' lang='lat' dir='ltr'><strong>obscurat</strong></span> <span class='ocrx_word' id='word_1_425' title='bbox 1256 2187 1302 2201; x_wconf 89' lang='lat'>=</span> <span class='ocrx_word' id='word_1_426' title='bbox 1323 2173 1382 2205; x_wconf 90' lang='lat' dir='ltr'><strong>Ee.</strong></span> 
     </span>
     <span class='ocr_line' id='line_1_56' title="bbox 900 2217 1248 2252; baseline 0.006 -4"><span class='ocrx_word' id='word_1_427' title='bbox 900 2217 933 2252; x_wconf 66' lang='lat' dir='ltr'><strong>St</strong></span> <span class='ocrx_word' id='word_1_428' title='bbox 944 2230 990 2245; x_wconf 85' lang='lat'>=</span> <span class='ocrx_word' id='word_1_429' title='bbox 1000 2227 1021 2249; x_wconf 85' lang='grc' dir='ltr'>π</span> <span class='ocrx_word' id='word_1_430' title='bbox 1031 2226 1046 2249; x_wconf 88' lang='lat' dir='ltr'><strong>e</strong></span> <span class='ocrx_word' id='word_1_431' title='bbox 1055 2226 1071 2248; x_wconf 93' lang='lat' dir='ltr'><strong>c</strong></span> <span class='ocrx_word' id='word_1_432' title='bbox 1094 2219 1248 2250; x_wconf 79' lang='lat' dir='ltr'><strong>obscurat.</strong></span> 
     </span>
    </p>

    <p class='ocr_par' dir='ltr' id='par_1_13' title="bbox 945 2259 1600 2295">
     <span class='ocr_line' id='line_1_57' title="bbox 945 2259 1600 2295; baseline 0.003 -2"><span class='ocrx_word' id='word_1_433' title='bbox 945 2259 978 2294; x_wconf 78' lang='lat'><strong>4.</strong></span> <span class='ocrx_word' id='word_1_434' title='bbox 1004 2262 1035 2293; x_wconf 85' lang='lat' dir='ltr'><strong>G</strong></span> <span class='ocrx_word' id='word_1_435' title='bbox 1046 2276 1092 2289; x_wconf 94' lang='lat'><strong><em>=</em></strong></span> <span class='ocrx_word' id='word_1_436' title='bbox 1105 2263 1128 2294; x_wconf 92' lang='lat' dir='ltr'>S</span> <span class='ocrx_word' id='word_1_437' title='bbox 1139 2271 1154 2293; x_wconf 91' lang='lat' dir='ltr'><strong>e</strong></span> <span class='ocrx_word' id='word_1_438' title='bbox 1165 2263 1187 2294; x_wconf 81' lang='lat' dir='ltr'><strong>d</strong></span> <span class='ocrx_word' id='word_1_439' title='bbox 1210 2264 1236 2294; x_wconf 80' lang='lat' dir='ltr'><strong>si</strong></span> <span class='ocrx_word' id='word_1_440' title='bbox 1260 2264 1418 2295; x_wconf 81' lang='lat' dir='ltr'><strong>turbatum</strong></span> <span class='ocrx_word' id='word_1_441' title='bbox 1439 2267 1493 2295; x_wconf 75' lang='lat' dir='ltr'><strong>esc.</strong></span> <span class='ocrx_word' id='word_1_442' title='bbox 1542 2263 1600 2295; x_wconf 89' lang='lat' dir='ltr'><strong>Gr.</strong></span> 
     </span>
    </p>
   </div>
   <div class='ocr_carea' id='block_1_7' title="bbox 1454 2173 1600 2211">
    <p class='ocr_par' dir='ltr' id='par_1_14' title="bbox 1454 2173 1600 2211">
     <span class='ocr_line' id='line_1_58' title="bbox 1454 2173 1600 2211; baseline 0.034 -7"><span class='ocrx_word' id='word_1_443' title='bbox 1454 2173 1550 2209; x_wconf 74' lang='lat' dir='ltr'><strong>BG&gt;8</strong></span> <span class='ocrx_word' id='word_1_444' title='bbox 1562 2196 1600 2211; x_wconf 59' lang='grc' dir='ltr'><strong>,μ</strong></span> 
     </span>
    </p>
   </div>
   <div class='ocr_carea' id='block_1_8' title="bbox 899 2306 1605 2842">
    <p class='ocr_par' dir='ltr' id='par_1_15' title="bbox 899 2306 1604 2383">
     <span class='ocr_line' id='line_1_59' title="bbox 900 2306 1604 2347; baseline 0 -6"><span class='ocrx_word' id='word_1_445' title='bbox 900 2308 934 2341; x_wconf 65' lang='grc' dir='ltr'><strong>’ΣΞ</strong></span> <span class='ocrx_word' id='word_1_446' title='bbox 950 2329 988 2341; x_wconf 83' lang='lat'><strong>...</strong></span> <span class='ocrx_word' id='word_1_447' title='bbox 1000 2307 1033 2341; x_wconf 58' lang='grc' dir='ltr'><strong>(ᾖ</strong></span> <span class='ocrx_word' id='word_1_448' title='bbox 1047 2306 1116 2341; x_wconf 66' lang='lat'><strong>93¹2.</strong></span> <span class='ocrx_word' id='word_1_449' title='bbox 1131 2310 1167 2344; x_wconf 58' lang='grc'><strong>4-</strong></span> <span class='ocrx_word' id='word_1_450' title='bbox 1191 2308 1214 2339; x_wconf 93' lang='lat' dir='ltr'><strong><em>S</em></strong></span> <span class='ocrx_word' id='word_1_451' title='bbox 1226 2308 1273 2339; x_wconf 88' lang='lat' dir='ltr'><strong>ed</strong></span> <span class='ocrx_word' id='word_1_452' title='bbox 1296 2309 1324 2338; x_wconf 80' lang='lat' dir='ltr'><strong>si</strong></span> <span class='ocrx_word' id='word_1_453' title='bbox 1346 2309 1423 2347; x_wconf 85' lang='lat' dir='ltr'><strong>quid</strong></span> <span class='ocrx_word' id='word_1_454' title='bbox 1445 2310 1604 2342; x_wconf 82' lang='lat' dir='ltr'><strong>turbatum</strong></span> 
     </span>
     <span class='ocr_line' id='line_1_60' title="bbox 899 2355 1170 2383; baseline -0.004 0"><span class='ocrx_word' id='word_1_455' title='bbox 899 2355 953 2383; x_wconf 79' lang='lat' dir='ltr'><strong>est.</strong></span> <span class='ocrx_word' id='word_1_456' title='bbox 1167 2358 1170 2361; x_wconf 88' lang='grc'><em>·</em></span> 
     </span>
    </p>

    <p class='ocr_par' dir='ltr' id='par_1_16' title="bbox 900 2396 1605 2842">
     <span class='ocr_line' id='line_1_61' title="bbox 946 2396 1540 2435; baseline 0.003 -9"><span class='ocrx_word' id='word_1_457' title='bbox 946 2405 966 2426; x_wconf 88' lang='lat' dir='ltr'><strong>a</strong></span> <span class='ocrx_word' id='word_1_458' title='bbox 976 2405 992 2427; x_wconf 91' lang='lat' dir='ltr'><strong>c</strong></span> <span class='ocrx_word' id='word_1_459' title='bbox 1013 2399 1138 2435; x_wconf 79' lang='lat' dir='ltr'><strong>praeter</strong></span> <span class='ocrx_word' id='word_1_460' title='bbox 1160 2397 1413 2428; x_wconf 80' lang='lat' dir='ltr'><strong>consuetudinem</strong></span> <span class='ocrx_word' id='word_1_461' title='bbox 1423 2411 1468 2425; x_wconf 60' lang='grc' dir='ltr'><em>ε</em></span> <span class='ocrx_word' id='word_1_462' title='bbox 1481 2396 1540 2428; x_wconf 87' lang='lat' dir='ltr'><strong>Ee.</strong></span> 
     </span>
     <span class='ocr_line' id='line_1_62' title="bbox 900 2440 1603 2481; baseline 0.004 -10"><span class='ocrx_word' id='word_1_463' title='bbox 900 2440 1002 2474; x_wconf 61' lang='lat' dir='ltr'><strong>BGQ</strong></span> <span class='ocrx_word' id='word_1_464' title='bbox 1014 2462 1054 2474; x_wconf 85' lang='lat'><strong>...</strong></span> <span class='ocrx_word' id='word_1_465' title='bbox 1066 2440 1099 2474; x_wconf 66' lang='lat' dir='ltr'><strong>st</strong></span> <span class='ocrx_word' id='word_1_466' title='bbox 1111 2455 1154 2467; x_wconf 93' lang='lat'>=</span> <span class='ocrx_word' id='word_1_467' title='bbox 1168 2450 1188 2472; x_wconf 89' lang='lat' dir='ltr'><strong>a</strong></span> <span class='ocrx_word' id='word_1_468' title='bbox 1198 2444 1241 2472; x_wconf 78' lang='lat' dir='ltr'><strong>ut</strong></span> <span class='ocrx_word' id='word_1_469' title='bbox 1261 2444 1387 2481; x_wconf 77' lang='lat' dir='ltr'><strong>praeter</strong></span> <span class='ocrx_word' id='word_1_470' title='bbox 1407 2444 1603 2474; x_wconf 73' lang='lat' dir='ltr'><strong>consuetudi-</strong></span> 
     </span>
     <span class='ocr_line' id='line_1_63' title="bbox 900 2486 1601 2526; baseline 0.001 -8"><span class='ocrx_word' id='word_1_471' title='bbox 900 2495 980 2518; x_wconf 80' lang='lat' dir='ltr'><strong>nem.</strong></span> <span class='ocrx_word' id='word_1_472' title='bbox 1028 2486 1053 2516; x_wconf 89' lang='lat' dir='ltr'>B</span> <span class='ocrx_word' id='word_1_473' title='bbox 1073 2500 1118 2513; x_wconf 87' lang='lat'>=</span> <span class='ocrx_word' id='word_1_474' title='bbox 1138 2487 1234 2518; x_wconf 82' lang='lat' dir='ltr'><strong>veni</strong></span> <span class='ocrx_word' id='word_1_475' title='bbox 1245 2490 1255 2516; x_wconf 83' lang='lat' dir='ltr'><strong>t</strong></span> <span class='ocrx_word' id='word_1_476' title='bbox 1286 2489 1473 2526; x_wconf 79' lang='lat' dir='ltr'><strong>spectamus.</strong></span> <span class='ocrx_word' id='word_1_477' title='bbox 1519 2487 1601 2519; x_wconf 85' lang='lat' dir='ltr'><strong>EeG</strong></span> 
     </span>
     <span class='ocr_line' id='line_1_64' title="bbox 902 2530 1601 2571; baseline 0.003 -9"><span class='ocrx_word' id='word_1_478' title='bbox 902 2530 962 2562; x_wconf 87' lang='lat' dir='ltr'><strong>Gr.</strong></span> <span class='ocrx_word' id='word_1_479' title='bbox 974 2543 1021 2557; x_wconf 92' lang='lat'>=</span> <span class='ocrx_word' id='word_1_480' title='bbox 1042 2539 1115 2571; x_wconf 79' lang='lat' dir='ltr'><strong>exp</strong></span> <span class='ocrx_word' id='word_1_481' title='bbox 1126 2534 1274 2562; x_wconf 83' lang='lat' dir='ltr'><strong>eclamus.</strong></span> <span class='ocrx_word' id='word_1_482' title='bbox 1324 2530 1421 2563; x_wconf 86' lang='lat' dir='ltr'><strong>Grut.</strong></span> <span class='ocrx_word' id='word_1_483' title='bbox 1442 2531 1483 2565; x_wconf 87' lang='lat' dir='ltr'><strong>ci.</strong></span> <span class='ocrx_word' id='word_1_484' title='bbox 1494 2546 1539 2559; x_wconf 90' lang='lat'><strong><em>=</em></strong></span> <span class='ocrx_word' id='word_1_485' title='bbox 1555 2542 1577 2564; x_wconf 88' lang='lat' dir='ltr'><strong>a</strong></span> <span class='ocrx_word' id='word_1_486' title='bbox 1589 2551 1601 2556; x_wconf 96' lang='lat'>-</span> 
     </span>
     <span class='ocr_line' id='line_1_65' title="bbox 900 2575 1602 2618; baseline 0.003 -10"><span class='ocrx_word' id='word_1_487' title='bbox 900 2578 1104 2615; x_wconf 84' lang='lat' dir='ltr'><strong>spectamus.</strong></span> <span class='ocrx_word' id='word_1_488' title='bbox 1154 2576 1257 2618; x_wconf 80' lang='lat' dir='ltr'><strong>Bong.</strong></span> <span class='ocrx_word' id='word_1_489' title='bbox 1281 2586 1321 2607; x_wconf 84' lang='lat' dir='ltr'><strong>ex</strong></span> <span class='ocrx_word' id='word_1_490' title='bbox 1345 2575 1415 2608; x_wconf 89' lang='lat' dir='ltr'><strong>Cui.</strong></span> <span class='ocrx_word' id='word_1_491' title='bbox 1430 2591 1477 2605; x_wconf 88' lang='lat'><strong><em>=</em></strong></span> <span class='ocrx_word' id='word_1_492' title='bbox 1499 2579 1602 2618; x_wconf 73' lang='lat' dir='ltr'><strong>mayis</strong></span> 
     </span>
     <span class='ocr_line' id='line_1_66' title="bbox 900 2622 1603 2662; baseline 0.003 -9"><span class='ocrx_word' id='word_1_493' title='bbox 900 2629 984 2653; x_wconf 84' lang='lat' dir='ltr'><strong>nova</strong></span> <span class='ocrx_word' id='word_1_494' title='bbox 1001 2630 1098 2660; x_wconf 88' lang='lat' dir='ltr'><strong>quam</strong></span> <span class='ocrx_word' id='word_1_495' title='bbox 1120 2622 1358 2654; x_wconf 80' lang='lat' dir='ltr'><strong>cotidiana.</strong></span> <span class='ocrx_word' id='word_1_496' title='bbox 1405 2623 1438 2657; x_wconf 75' lang='lat' dir='ltr'><strong>§B</strong></span> <span class='ocrx_word' id='word_1_497' title='bbox 1451 2631 1603 2662; x_wconf 87' lang='lat' dir='ltr'><strong>=quam</strong></span> 
     </span>
     <span class='ocr_line' id='line_1_67' title="bbox 901 2666 1605 2705; baseline 0.006 -9"><span class='ocrx_word' id='word_1_498' title='bbox 901 2666 1021 2705; x_wconf 65' lang='lat' dir='ltr'><strong>‘mamis</strong></span> <span class='ocrx_word' id='word_1_499' title='bbox 1053 2667 1166 2697; x_wconf 79' lang='lat' dir='ltr'><strong>mirari</strong></span> <span class='ocrx_word' id='word_1_500' title='bbox 1223 2666 1247 2696; x_wconf 88' lang='lat' dir='ltr'>B</span> <span class='ocrx_word' id='word_1_501' title='bbox 1271 2680 1314 2693; x_wconf 95' lang='lat'><strong><em>=</em></strong></span> <span class='ocrx_word' id='word_1_502' title='bbox 1335 2668 1369 2698; x_wconf 84' lang='lat' dir='ltr'><strong>in</strong></span> <span class='ocrx_word' id='word_1_503' title='bbox 1401 2677 1417 2699; x_wconf 92' lang='lat' dir='ltr'><strong>c</strong></span> <span class='ocrx_word' id='word_1_504' title='bbox 1428 2669 1605 2700; x_wconf 72' lang='lat' dir='ltr'><strong>emmens.</strong></span> 
     </span>
     <span class='ocr_line' id='line_1_68' title="bbox 903 2712 1601 2753; baseline 0.006 -11"><span class='ocrx_word' id='word_1_505' title='bbox 903 2712 931 2742; x_wconf 83' lang='lat' dir='ltr'><strong>si</strong></span> <span class='ocrx_word' id='word_1_506' title='bbox 952 2719 1057 2742; x_wconf 86' lang='lat' dir='ltr'><strong>raros</strong></span> <span class='ocrx_word' id='word_1_507' title='bbox 1082 2714 1109 2742; x_wconf 82' lang='lat' dir='ltr'><strong>et</strong></span> <span class='ocrx_word' id='word_1_508' title='bbox 1133 2712 1273 2743; x_wconf 79' lang='lat' dir='ltr'><strong>insolitae</strong></span> <span class='ocrx_word' id='word_1_509' title='bbox 1296 2712 1419 2753; x_wconf 73' lang='lat' dir='ltr'><strong>figura</strong></span> <span class='ocrx_word' id='word_1_510' title='bbox 1441 2713 1535 2753; x_wconf 67' lang='lat' dir='ltr'><strong>tynis.</strong></span> <span class='ocrx_word' id='word_1_511' title='bbox 1567 2713 1601 2748; x_wconf 71' lang='lat' dir='ltr'><strong>§B</strong></span> 
     </span>
     <span class='ocr_line' id='line_1_69' title="bbox 906 2753 1603 2791; baseline 0.001 -5"><span class='ocrx_word' id='word_1_512' title='bbox 906 2753 1068 2789; x_wconf 50' lang='lat' dir='ltr'><strong>&amp;ln-:si</strong></span> <span class='ocrx_word' id='word_1_513' title='bbox 1089 2757 1223 2788; x_wconf 79' lang='lat' dir='ltr'><strong>rarius.</strong></span> <span class='ocrx_word' id='word_1_514' title='bbox 1271 2757 1305 2791; x_wconf 52' lang='grc' dir='ltr'><strong>ἃς</strong></span> <span class='ocrx_word' id='word_1_515' title='bbox 1326 2771 1373 2786; x_wconf 87' lang='lat'><strong>==</strong></span> <span class='ocrx_word' id='word_1_516' title='bbox 1394 2766 1484 2790; x_wconf 79' lang='lat' dir='ltr'><strong>nemo</strong></span> <span class='ocrx_word' id='word_1_517' title='bbox 1506 2766 1603 2790; x_wconf 81' lang='lat' dir='ltr'><strong>vero</strong></span> 
     </span>
     <span class='ocr_line' id='line_1_70' title="bbox 904 2800 1603 2842; baseline 0.004 -10"><span class='ocrx_word' id='word_1_518' title='bbox 904 2800 992 2832; x_wconf 80' lang='lat' dir='ltr'><strong>scire.</strong></span> <span class='ocrx_word' id='word_1_519' title='bbox 1041 2811 1059 2832; x_wconf 89' lang='lat' dir='ltr'><strong>e</strong></span> <span class='ocrx_word' id='word_1_520' title='bbox 1079 2804 1112 2839; x_wconf 78' lang='lat'>÷</span> <span class='ocrx_word' id='word_1_521' title='bbox 1139 2803 1175 2833; x_wconf 79' lang='lat' dir='ltr'><strong>et</strong></span> <span class='ocrx_word' id='word_1_522' title='bbox 1196 2802 1338 2842; x_wconf 64' lang='lat' dir='ltr'><strong>ignarus.</strong></span> <span class='ocrx_word' id='word_1_523' title='bbox 1384 2802 1410 2834; x_wconf 87' lang='lat' dir='ltr'>B</span> <span class='ocrx_word' id='word_1_524' title='bbox 1429 2817 1474 2832; x_wconf 82' lang='lat'><em>=</em></span> <span class='ocrx_word' id='word_1_525' title='bbox 1497 2806 1603 2835; x_wconf 85' lang='lat' dir='ltr'><strong>utrum</strong></span> 
     </span>
    </p>
   </div>
  </div>
 </body>
</html>
