1812 3184
243 199 327 243 634

695 204 738 243 L.
767 204 965 246 ANNAEl
996 207 1228 261 SENECAE

243 315 322 357 dit:
362 322 455 357 tunc
483 313 669 372 praeceps
699 316 862 371 quisque
890 318 1123 374 seproripit
1147 325 1187 360 et
1217 327 1378 375 penates
1405 335 1499 363 suos
1526 321 1673 363 desedi

209 393 227 419 5
243 397 290 425 ac
311 396 355 426 se
376 383 529 438 publico
549 384 687 426 credit.
749 381 877 437 Quam
902 385 1090 427 latebram
1112 387 1392 442 prospicimus,
1433 389 1536 444 quod
1557 389 1671 432 auxi·

239 451 350 503 lium,
382 451 416 494 si
439 451 545 493 orbis
566 451 648 507 ipse
670 451 803 493 ruinas
821 451 968 507 agitat?
997 453 1032 494 si
1053 453 1126 495 hoe
1148 455 1249 509 quod
1272 469 1345 497 nos
1367 462 1498 498 tuetur
1516 470 1562 498 ac
1580 470 1670 499 sus-

242 518 362 576 tinet,
404 532 521 574 snpra
544 520 643 573 quod
666 519 782 561 urbes
805 519 903 561 sitae
924 528 1039 572 sunt,
1082 521 1182 576 quod
1206 522 1494 564 fundamentum
1518 523 1669 578 quidum

241 585 347 627 orbis
369 600 458 628 esse
481 587 680 638 dixerunt,
713 586 874 629 discedit
894 601 940 628 ac
957 588 1119 629 titubat?
1166 587 1269 643 Quid
1289 589 1356 630 tibi
1378 604 1466 632 esse
1486 605 1565 632 non
1584 590 1672 632 dico

239 653 400 705 auxilii,
443 654 512 695 sed
534 653 661 695 solatii
682 661 835 709 potest,
876 654 941 695 ubi
963 655 1077 696 timor
1099 657 1225 711 fugam
1251 657 1445 712 perdidit?
1483 657 1572 712 quid
1592 664 1670 710 est,

236 720 411 775 inquam,
442 721 538 762 satis
562 721 776 763 munitum?
805 721 895 776 quid
918 722 967 763 ad
991 723 1149 764 tutelam
1170 724 1330 765 alterius
1353 731 1392 766 et
1412 724 1475 766 sui
1496 725 1672 766 firmum?

239 786 402 829 Hostem
428 803 538 829 muro
561 788 745 843 repellam
771 796 810 847 et
833 797 1062 845 praeruptae
1085 791 1298 832 altitudinis
1321 792 1479 833 castella
1501 792 1567 833 uel
1589 805 1670 834 ma⁴
1690 820 1700 830 .

205 864 222 891 ὁ
239 869 338 908 gnos
363 855 563 898 exercitus
586 856 804 898 difficultate
825 857 953 898 aditus
974 858 1242 900 morabuntur.

676 923 894 965 nimborum
918 924 996 964 uim
1020 925 1181 966 effusam
1206 932 1245 965 et
1268 925 1354 965 sine
1379 925 1455 966 fine
1484 925 1670 967 cadentes

801 990 994 1044 fugientes
1015 1005 1093 1031 non
1114 991 1290 1046 sequitur
1307 990 1546 1032 incendium.

238 921 435 965 uindicant
465 929 613 978 portus.

236 1003 357 1043 aquas
380 995 482 1030 tecta
507 989 739 1044 propellunt.

1302 872 1325 899 a
1348 865 1576 914 tempestate
1597 873 1670 901 nos

1603 991 1671 1034 nd-

235 1068 377 1097 uersus
407 1055 577 1096 tonitrua
598 1062 637 1096 et
661 1055 785 1097 minas
808 1057 908 1098 coeli
935 1057 1214 1099 subterraneae
1242 1058 1378 1100 domus
1401 1064 1442 1100 et.
1461 1058 1609 1106 defossi
1630 1059 1671 1101 in

233 1122 352 1164 altum
375 1135 517 1178 specus
538 1123 712 1164 remedia
733 1130 837 1165 sunt.

896 1123 998 1179 ignis
1019 1124 1084 1166 ille
1105 1125 1287 1167 coelestis
1311 1139 1390 1167 non
1419 1126 1669 1169 transuerbe-

234 1196 297 1230 rat
324 1196 467 1230 terram
482 1220 493 1240 ,
538 1190 606 1230 sed
629 1189 776 1245 exiguo
800 1190 884 1232 eius
907 1191 1060 1233 obiectu
1090 1193 1323 1234 retunditur.
1378 1193 1423 1245 >iu
1448 1190 1669 1249 pestilentia

234 1263 386 1298 mutare
409 1257 525 1299 sedes
551 1256 657 1299 licet.

718 1256 865 1299 nullum
888 1258 1028 1300 malum
1051 1259 1136 1300 siue
1158 1260 1301 1315 effugio
1323 1266 1399 1301 est.

1460 1274 1671 1316 numquam

189 1343 192 1347 ’
235 1322 394 1365 fulmina
424 1324 586 1380 populos
618 1331 888 1380 perusserunt.
948 1326 1134 1381 pestilens
1155 1327 1306 1368 eoelum
1330 1327 1512 1369 exhausit
1531 1327 1663 1387 urbes,

201 1399 217 1425 ⁷
235 1404 313 1432 non
333 1391 516 1432 abstulit:
561 1391 633 1433 hoe
657 1392 797 1433 malum
819 1391 1008 1434 latissime
1030 1400 1160 1448 patet,
1198 1393 1424 1434 ineuitabile
1439 1426 1451 1446 ‚
1493 1394 1664 1447 auidum,

234 1457 385 1513 publice
413 1458 588 1499 noxium.

648 1457 744 1499 Non
762 1459 864 1499 enim
887 1459 1022 1500 domos
1044 1460 1168 1501 solum
1191 1467 1256 1500 aut
1278 1461 1444 1501 familias
1462 1468 1529 1502 aut
1548 1462 1672 1504 urbes⁴

233 1524 408 1579 singulas
428 1525 581 1576 haurit,
625 1532 762 1580 gentes
791 1533 892 1567 totas
919 1526 1179 1581 regionesque
1209 1526 1433 1568 submersit.

1494 1535 1533 1569 et
1553 1529 1667 1587 modo

230 1591 354 1633 ruinis
378 1592 526 1647 operit,
569 1592 682 1633 modo
705 1592 744 1633 in
767 1593 882 1633 altam
906 1594 1131 1648 uoraginem
1158 1594 1289 1635 condit
1311 1608 1356 1635 ac
1379 1604 1427 1636 ne
1451 1594 1489 1636 id
1513 1596 1664 1650 quidem

231 1658 415 1714 relinquit
434 1672 485 1700 ex
508 1673 584 1715 quo
606 1659 789 1714 adpareat
812 1661 913 1715 quod
935 1674 1012 1701 non
1035 1668 1096 1703 est
1117 1661 1254 1702 saltem
1273 1661 1394 1703 fuisse
1408 1694 1418 1714 ‚
1459 1663 1527 1704 sed
1549 1667 1665 1719 supra

275 1793 369 1826 Anio.
387 1809 432 1822 =
456 1798 483 1826 et
502 1797 629 1835 penates
651 1804 723 1827 suos
746 1796 927 1828 derelin-

230 1841 331 1879 quit.
399 1840 424 1870 B
444 1854 490 1867 =
512 1843 601 1871 etse
620 1841 744 1880 publico
775 1842 925 1872 condit.

232 1882 314 1915 Brit.
327 1894 420 1916 ===ac
442 1894 473 1917 se
482 1886 605 1924 publico
629 1895 698 1916 con
709 1886 781 1917 dit.
821 1884 923 1917 Grou.

232 1927 401 1969 Delicata,
426 1929 554 1972 inquit,
578 1928 737 1971 imprimis
759 1929 870 1961 lectio.

277 1972 309 2005 5.
335 1975 361 2006 B
382 1988 429 2002 ==
450 1976 554 2014 Quam
576 1976 729 2007 latebram
747 1985 770 2015 p
783 1977 925 2016 erspici-

230 2027 312 2050 mus.
527 2036 531 2039 -
823 2051 825 2053 ,

276 2064 386 2094 ruinas
408 2065 473 2103 cyil
484 2067 523 2095 at
536 2077 580 2090 =
594 2064 653 2094 Ee.
724 2064 779 2094 BG
792 2066 824 2098 §B
839 2087 876 2099 ,.,
891 2065 924 2099 ,ἢ

231 2121 279 2134 ι-
296 2109 407 2138 ruinas
439 2110 558 2148 ayitet.
608 2108 632 2137 B
656 2121 701 2134 =
721 2118 819 2147 supra
840 2110 924 2148 quod

232 2153 323 2183 urbes
343 2155 466 2184 ratae
492 2151 577 2194 [sm.
599 2151 734 2194 rotae]
758 2156 839 2184 sunt.
863 2151 921 2184 1³3.

230 2194 263 2228 4,
276 2210 320 2224 ε
333 2197 416 2236 quod
438 2197 675 2236 fundamentum
698 2197 773 2235 quid
784 2206 798 2228 e
808 2206 849 2228 m.
899 2197 922 2227 Β

231 2255 276 2267 ==
299 2242 382 2281 quod
412 2242 649 2280 fundamentum
678 2242 759 2272 orbis
781 2242 921 2280 quidam.

233 2285 263 2316 G
275 2286 387 2325 (mm)
398 2299 444 2313 =
454 2287 529 2317 disc
540 2287 551 2317 ι·
561 2286 582 2317 d
593 2288 629 2316 et
652 2295 689 2317 ac
709 2287 829 2319 titubat.
862 2285 920 2318 1³3.

230 2345 274 2358 ==
291 2331 436 2362 discidi
447 2333 457 2361 t
478 2340 516 2362 ac
539 2331 660 2362 titubat.
685 2329 755 2361 Col.
768 2345 813 2358 =
826 2332 924 2363 disce-

230 2377 251 2407 d
261 2378 299 2407 et
322 2385 360 2407 ac
382 2377 502 2407 titubat.
540 2374 630 2406 Fort.
643 2389 688 2402 =
701 2376 739 2406 de
749 2377 783 2407 si
793 2376 815 2407 d
826 2379 862 2407 et
887 2385 925 2407 ac

228 2421 347 2452 titubat.
393 2421 663 2454 Qadissidet
687 2429 724 2451 ac
743 2422 861 2452 titubat.
897 2421 921 2451 B

228 2466 369 2504 ==Quid
391 2466 451 2497 ibn·
474 2475 537 2497 esse
559 2474 620 2496 non
643 2466 723 2496 dico.
761 2467 792 2499 >B
806 2475 922 2497 εαυ-

228 2511 299 2541 acilii
324 2513 446 2550 atque
469 2511 583 2542 solatii.
631 2510 676 2541 Ee
694 2514 727 2547 -1-
743 2511 798 2542 sect
820 2512 924 2542 solatii

230 2563 319 2586 esse
339 2558 448 2595 potest.
494 2555 521 2586 B
536 2568 581 2582 ==
604 2556 686 2594 Quid
710 2559 752 2587 est
775 2557 851 2587 salis
875 2557 922 2587 tn-

227 2609 333 2638 quam.

273 2645 399 2675 alterius
422 2648 456 2676 et
478 2646 526 2677 sui
537 2645 651 2676 =Ee.
724 2644 780 2675 BG
793 2646 825 2679 ffi
838 2668 876 2681 m
889 2645 920 2680 51*

229 2702 273 2714 Ξ
286 2689 413 2720 alterius
436 2699 481 2721 ac
503 2691 563 2721 sui.
611 2689 831 2730 G==Hoslem
853 2700 920 2722 nu-

229 2742 260 2763 m
269 2741 284 2762 e
294 2742 311 2763 r
323 2742 340 2763 o
361 2735 519 2772 repellam.

273 2779 308 2807 et
336 2782 524 2816 praeruptae
536 2794 581 2807 =
594 2780 651 2811 Ee.
722 2780 779 2811 BG
792 2782 824 2815 <93
840 2803 875 2814 ...
889 2781 921 2815 Sl

229 2839 268 2844 ——
286 2824 323 2853 ct.
374 2821 402 2852 G
417 2836 462 2850 π
475 2824 658 2863 difficultate
681 2826 731 2856 ad
742 2826 853 2857 ditm.

965 1795 968 1797 ’
1015 1793 1047 1828 6.
1073 1795 1166 1829 Anio.
1191 1796 1276 1829 Scal.
1298 1798 1331 1832 Β
1353 1811 1398 1825 =
1416 1808 1474 1830 nos
1493 1799 1660 1832 vindicat.

974 1842 996 1872 B
1013 1857 1056 1869 =
1076 1844 1280 1881 ymbrium
1300 1844 1365 1875 vim
1387 1844 1543 1883 effusum..
1577 1844 1602 1875 B
1617 1858 1661 1871 ==

969 1889 1051 1918 tecta
1070 1896 1141 1927 rep
1153 1889 1255 1919 ellunt.
1303 1887 1326 1917 B
1345 1902 1390 1915 =
1409 1889 1562 1920 adversm
1581 1891 1661 1921 toni-

968 1935 997 1963 tr
1008 1941 1112 1963 uum.
1160 1931 1237 1962 EeG
1258 1930 1317 1964 P3-
1331 1932 1402 1964 Col.
1418 1932 1451 1967 §B
1473 1950 1515 1956 —-
1535 1934 1658 1974 defossi.

970 1975 1059 2019 quod
1078 1987 1156 2007 num
1178 1975 1292 2007 abesse
1310 1976 1426 2019 possit,
1447 1975 1536 2010 vide.
1583 1988 1602 2010 e
1611 1993 1657 2008 ,τι

968 2023 1052 2061 lynis
1076 2023 1111 2053 is
1123 2024 1133 2052 t
1144 2030 1158 2053 e
1181 2023 1327 2053 coelestis.
1374 2021 1405 2054 G
1417 2023 1448 2063 (s
1455 2024 1512 2062 ω)
1526 2040 1571 2047 --
1589 2033 1659 2056 ηια-

967 2068 1033 2097 lum
1055 2071 1133 2097 ante
1155 2067 1219 2098 sine
1237 2067 1361 2107 effugio.
1395 2067 1421 2098 B
1433 2069 1662 2108 =Numquam

967 2112 1149 2150 flumina
1180 2110 1240 2153 [=
1258 2112 1307 2152 θὶς]
1340 2114 1473 2151 populos
1505 2122 1634 2146 merse
1646 2131 1659 2138 -

967 2158 1074 2185 run&

1011 2196 1044 2230 7.
1070 2197 1100 2229 G
1112 2201 1173 2239 (cr.
1181 2200 1237 2239 ω)
1247 2213 1291 2227 =
1302 2201 1444 2239 singulas
1457 2202 1578 2233 exhaur
1587 2204 1627 2234 ιιι·
1638 2205 1658 2233 C.

968 2243 993 2274 B
1003 2260 1048 2266 -
1059 2243 1176 2274 haurit.

1011 2291 1114 2327 yentes
1145 2290 1225 2319 totas
1242 2302 1288 2316 =
1312 2287 1393 2320 EeG
1406 2287 1465 2321 P3.
1491 2289 1562 2322 Col.
1582 2290 1656 2323 cod.

969 2333 1105 2374 Ops-Q·
1170 2329 1658 2376 BP4nffiloouae÷Sedmnr

967 2380 1010 2408 tes
1029 2379 1117 2408 totas.

1011 2423 1207 2462 reyionesque
1229 2424 1325 2455 subm
1333 2431 1374 2456 er
1383 2426 1439 2456 sit
1461 2439 1508 2452 =
1527 2425 1588 2457 Ee.

970 2466 999 2498 G
1010 2466 1102 2498 Fort.
1115 2466 1186 2499 Col.
1197 2482 1242 2495 =
1250 2469 1447 2509 regionesque
1467 2472 1657 2511 submergit.

968 2512 1000 2546 2³13
1011 2513 1205 2551 =re92⁸ones
1226 2514 1410 2554 submergit
1427 2525 1491 2546 om.
1507 2524 1574 2557 que.
1597 2513 1656 2547 1’3.

967 2571 1012 2584 =
1022 2558 1217 2597 regionesque
1239 2558 1295 2589 sub
1303 2558 1314 2588 n·
1322 2567 1344 2588 u
1352 2569 1373 2590 n
1381 2569 1402 2599 9
1410 2560 1443 2591 it.
1482 2561 1506 2590 B
1522 2557 1578 2592 P4.
1592 2559 1637 2594 (ξι
1645 2582 1654 2592 .

1021 2601 1053 2635 st
1065 2616 1108 2628 =
1119 2604 1316 2642 reyionesqtae
1336 2605 1392 2635 sub
1402 2606 1541 2636 vertit.
1578 2604 1601 2635 Β
1612 2618 1678 2632 ==1

966 2647 1058 2678 modo
1079 2648 1113 2678 in
1134 2649 1320 2679 alteram
1345 2648 1496 2690 [==¹11G;l
1520 2650 1655 2688 regio-

964 2701 1009 2723 ne
1019 2701 1050 2722 m
1073 2692 1186 2723 condit.
1212 2691 1273 2726 (810
1285 2696 1383 2725 =at
1403 2703 1441 2725 ne
1462 2694 1654 2734 mquidem.

966 2737 999 2771 ΞΒ
1015 2751 1060 2763 =
1075 2738 1283 2776 relinquitur.
1328 2739 1378 2769 Ex
1399 2747 1468 2778 quo.
1518 2738 1549 2770 G
1560 2739 1653 2778 (sm)

966 2782 999 2815 >23
1010 2796 1054 2809 z
1066 2784 1222 2821 apparet.
1248 2781 1272 2811 B
1287 2784 1320 2818 -t-
1335 2786 1489 2822 appareat
1511 2784 1555 2815 id
1573 2783 1660 2823 quod*

966 2835 1026 2858 non
1050 2829 1102 2858 est.
1149 2827 1180 2860 Q
1192 2840 1237 2854 =
1247 2828 1297 2858 sal
1307 2829 1395 2860 utem
1416 2828 1519 2867 ruisse.
