1812 3184
550 177 629 218 DEf
647 176 1050 220 CONSOLATIONE.
1111 177 1175 218 lx.

1501 174 1584 219 367

141 289 335 334 uuum
361 290 526 332 remedii
553 298 662 347 putat
681 289 836 344 Uarro,
869 290 1119 344 doctissimus
1145 288 1442 339 Romanorum,
1483 288 1585 343 quod

140 370 394 415 quoeunque·
402 358 582 401 uenimus
601 359 735 401 eadem
755 373 888 402 rerum
909 367 1049 402 natura
1068 358 1251 400 utendum
1270 364 1346 398 est.
1400 354 1463 397 M.
1481 353 1586 397 Bru·
1602 365 1618 392 4

139 425 210 476 ιιι·
228 426 326 468 satis
348 426 422 468 hoc
452 433 583 484 putat,
616 427 718 483 quod
742 427 834 470 licet
852 428 892 470 in
913 427 1075 469 exilium
1099 425 1283 468 euntibus
1306 423 1473 465 uirtutes
1495 436 1587 464 suas

139 507 276 536 secum
294 495 416 536 ferre.
477 494 588 537 Haec
605 495 721 536 eliam
744 496 778 537 si
798 495 885 550 quis
908 495 1062 550 singula
1087 507 1221 551 parum
1244 491 1392 534 iudicat
1415 490 1587 533 efficacia

140 563 189 604 ad
211 562 494 604 consolandum
518 563 699 614 exulem,
740 570 904 618 utraque
928 563 970 604 in
993 576 1112 604 unum
1135 561 1272 603 collata
1299 559 1483 601 fatebitur
1502 558 1587 613 plu-

138 630 279 671 rimum
300 643 433 684 posse.
495 628 737 683 Quantulum
759 630 860 671 enim
884 637 945 672 est
967 629 1068 685 quod
1093 628 1358 685 perdidimus?
1388 628 1463 669 duo
1485 640 1587 681 quae

139 696 400 753 pulcherrima
421 703 514 741 sunt
537 710 781 752 quocumque
810 711 882 738 nos
910 697 1151 739 mouerimus
1176 702 1411 752 sequenturz
1445 701 1585 735 natura

137 763 357 820 munis
377 771 418 805 et
439 764 597 820 propria
617 764 759 806 uirtus.
821 762 865 805 Id
889 771 1018 805 actum
1042 770 1126 815 est,
1161 764 1251 804 mihi
1275 764 1392 804 crede
1407 795 1418 815 ‚
1450 762 1498 804 ab
1518 762 1585 803 illo

138 829 313 886 quisquis
336 831 531 873 formator
548 831 724 873 uniuersi
744 831 830 884 fuit,
863 832 949 873 siue
970 832 1037 873 ille
1058 832 1154 873 deus
1171 838 1233 872 est
1250 838 1390 887 potens
1413 830 1585 872 omnium

137 899 224 940 siue
257 898 515 955 incorporalis
547 899 649 940 ratio
683 900 899 954 ingentium
932 913 1093 955 operum
1127 900 1271 940 artifex
1305 898 1390 939 siue
1429 897 1585 939 diuinus

139 966 300 1023 spirilus
333 973 404 1023 per
434 967 563 1008 omnia
589 967 761 1008 maxima
790 981 835 1008 ac
859 967 1019 1008 minima
1049 968 1201 1022 aequali
1229 967 1447 1008 intentione
1470 966 1585 1007 diffu-

138 1047 208 1076 sus
240 1034 327 1076 siue
357 1035 478 1075 falum
504 1041 545 1075 et
573 1035 810 1076 inmutabilis
841 1049 1049 1076 causarum
1078 1035 1184 1076 inter
1214 1048 1258 1076 se
1289 1034 1585 1076 cohaerentium

137 1101 291 1144 series:
322 1101 386 1153 id,
417 1101 598 1157 inquam,
639 1110 767 1144 actum
801 1110 887 1156 est,
931 1109 973 1144 ut
1002 1102 1044 1143 in
1074 1102 1244 1144 alienum
1273 1102 1476 1143 arbitrium
1507 1102 1585 1143 nisi

138 1169 326 1211 uilissima
353 1164 530 1224 quaeque
557 1184 636 1211 non
662 1171 863 1212 caderent.
926 1170 1120 1226 Quicquid
1143 1170 1331 1226 optimum
1353 1169 1500 1211 homini
1524 1176 1586 1211 est
1601 1181 1619 1208 ὁ

136 1236 175 1278 id
200 1227 316 1278 extra
349 1236 556 1278 humanam
587 1238 800 1293 potentiam
833 1239 959 1290 iacet,
999 1252 1073 1280 nec
1099 1238 1181 1279 dari
1205 1252 1279 1280 nec
1303 1238 1402 1294 eripi
1429 1245 1583 1294 potest:

135 1303 303 1346 mundus
326 1303 389 1344 hic
412 1318 489 1359 quo
517 1304 612 1353 nihil
642 1319 769 1360 neque
793 1307 919 1347 maius
943 1320 1070 1361 neque
1093 1306 1269 1347 ornatius
1291 1320 1424 1348 rerum
1445 1294 1586 1347 natura

135 1361 297 1427 genuit,
341 1371 496 1413 animus
530 1374 817 1428 contemplator
849 1374 1138 1428 admiratorque
1169 1374 1326 1425 mundi,
1374 1387 1466 1429 pars
1499 1374 1586 1415 eius

134 1439 544 1499 magnificentissima,
577 1441 732 1497 propria
757 1441 870 1482 nobis
897 1448 938 1483 et
965 1448 1151 1497 perpetua
1167 1472 1179 1492 ‚
1211 1441 1358 1482 tamdiu
1379 1441 1585 1483 nobiscum

134 1516 321 1563 mansura
341 1508 523 1562 quamdiu
543 1508 616 1564 ipsi
638 1509 896 1551 manebimus.
943 1509 1114 1551 Alacres
1133 1509 1266 1564 itaque
1285 1516 1327 1551 et
1344 1509 1468 1551 erecti
1488 1524 1585 1564 quo-

137 1587 303 1631 cumque
332 1588 398 1617 res
426 1576 560 1618 tulerit
588 1577 782 1632 intrepido
811 1578 935 1632 gradu
963 1591 1234 1634 properemus.
1295 1575 1375 1619 IX.
1407 1576 1584 1619 Emetia-

137 1655 227 1684 mur
249 1655 512 1698 quascumque
540 1650 694 1685 terras:
735 1645 879 1687 nullum
905 1645 1086 1686 inuenire
1119 1646 1244 1702 solqm
1275 1645 1379 1686 intra
1398 1645 1583 1687 mundum

138 1716 202 1752 est
227 1709 398 1752 alienum
427 1710 573 1752 homini
605 1718 645 1752 et
673 1711 943 1769 undecumque
975 1726 1029 1755 ex
1054 1726 1181 1768 aequo
1207 1712 1256 1754 ad
1282 1712 1435 1753 coelum
1464 1712 1584 1768 erigi-

138 1825 322 1857 udlmerent.
367 1823 536 1865 D=qui
559 1834 598 1857 επ
617 1826 695 1858 illo
719 1827 838 1858 adhae-

136 1871 214 1902 rent.
248 1870 305 1912 (g)
317 1869 350 1904 π
364 1881 416 1902 ω.
463 1868 545 1912 gP3.
558 1873 692 1903 =satis
714 1872 770 1903 hoc
789 1881 837 1903 re-

136 1915 305 1947 medium
324 1918 427 1954 putat.
475 1914 546 1949 Col.
561 1918 690 1958 (cnm)
703 1931 749 1944 ..τ
760 1918 838 1948 satis

137 1961 194 1992 hoc
214 1960 384 1992 mroediis
405 1963 507 2001 putat.

183 2003 361 2047 4.g=1‡1.
371 2007 488 2038 Brutus
510 2008 579 2037 sati
591 2015 635 2038 us
657 2007 713 2038 hoc
733 2009 836 2046 putat.

181 2051 311 2083 virtutes
337 2059 413 2082 suas
432 2060 536 2083 secum
558 2053 638 2092 ferre
659 2066 705 2079 =
729 2052 835 2093 nADg

140 2093 200 2126 Gr·
271 2096 303 2130 Z
314 2117 325 2129 .
337 2118 348 2129 .
362 2118 374 2130 0
387 2096 450 2140 &20
469 2110 513 2124 =
531 2098 661 2129 virtutes
682 2107 758 2129 suas
781 2106 802 2127 a
813 2098 835 2128 d

139 2141 274 2172 locum
291 2141 372 2181 serre
389 2140 642 2184 [Slfflssferri]
657 2152 761 2174 secum
781 2143 835 2174 ad

138 2193 258 2225 quem
279 2187 516 2226 migraturi
537 2190 643 2219 sunt.
666 2186 756 2218 Pinc.
769 2198 799 2218 v.
812 2186 834 2218 l.

139 2230 166 2264 ΕΞ
176 2252 189 2265 .
202 2252 213 2264 0
226 2253 236 2263 .
251 2231 305 2266 80
316 2245 361 2258 =
374 2231 503 2263 virtutes
519 2241 595 2264 suas
617 2233 697 2272 ferre
719 2242 834 2264 secum.

138 2276 308 2324 g=floc
328 2277 451 2308 etiamsi
467 2279 546 2317 quis.
579 2277 608 2308 D
621 2291 665 2304 =
676 2279 740 2310 Hec
763 2287 778 2308 e
790 2279 837 2309 tsi

137 2322 217 2363 quis.
251 2331 273 2364 g
283 2335 328 2349 =
339 2324 471 2362 utraque
492 2324 525 2354 in
539 2332 638 2354 unum
661 2325 749 2355 colle
758 2326 793 2355 οι
804 2332 835 2354 α.

139 2365 166 2396 Β
186 2380 233 2394 -=
251 2367 333 2407 fateb
343 2376 363 2398 a
374 2369 425 2399 tur
454 2369 628 2407 plurimum
657 2377 756 2408 posse.
803 2369 833 2399 D

137 2423 184 2438 π
193 2412 244 2451 fm'*
252 2414 264 2443 ι
272 2421 294 2443 u
304 2422 326 2444 n
335 2415 406 2443 utor
427 2414 574 2444 universi.
620 2424 642 2455 g
652 2427 695 2440 =
707 2415 784 2445 deus
803 2424 837 2445 υ-

137 2456 260 2487 mnium
280 2459 390 2496 potens
411 2459 464 2488 est.

182 2508 241 2540 per
262 2502 369 2532 omnia
391 2503 535 2533 maxima
565 2511 611 2534 ac
640 2504 773 2535 minima
791 2517 838 2531 =

140 2543 228 2575 BAD
239 2543 298 2576 1³2.
309 2543 344 2577 3.
368 2546 400 2579 z:
416 2568 426 2579 .
441 2568 451 2580 .
464 2568 476 2580 .
497 2547 597 2580 (524.
610 2547 679 2581 982.

138 2598 197 2630 per
216 2591 323 2622 omma
345 2592 490 2622 maxima
511 2594 549 2622 ει
571 2593 716 2627 minima.
765 2592 836 2624 Col.

140 2648 188 2662 =
208 2644 241 2674 p.
277 2644 307 2666 ο.
329 2636 474 2667 maa-inm
495 2639 567 2667 aut
588 2637 732 2672 minima,
778 2637 836 2670 1³4.

140 2689 254 2719 =per
271 2682 378 2712 omnia
399 2689 438 2712 ac
460 2682 603 2713 minima.
650 2682 693 2715 ⁵)Jt
706 2705 717 2715 .
731 2704 742 2715 .
756 2705 766 2717 .
779 2683 838 2718 {liu

140 2726 194 2760 Bo
220 2727 304 2767 (exc.
320 2724 392 2767 24.)
407 2743 443 2750 —
456 2735 496 2758 ac
555 2727 631 2769 BAg
643 2725 698 2759 P2.
709 2725 742 2759 3.
754 2729 786 2763 ξε
799 2750 836 2765 ,μ

140 2770 174 2804 (5
185 2784 231 2798 ==
242 2773 271 2802 ιι
292 2772 478 2803 mutabilis
499 2781 679 2807 causarum.
716 2783 739 2815 g
750 2790 795 2797 —
805 2782 838 2806 se

139 2821 218 2847 ante
240 2816 479 2850 cohaerentium.

929 1825 960 1861 ὃ,
988 1827 1011 1858 B
1034 1841 1078 1854 =
1099 1828 1251 1866 optimum
1274 1827 1426 1859 hominis
1452 1829 1504 1858 est.
1551 1826 1582 1858 D

882 1874 1088 1912 =oplimum
1109 1873 1143 1903 le
1155 1881 1172 1903 ο
1183 1874 1225 1903 ni
1246 1875 1299 1903 est.
1323 1882 1345 1914 g
1357 1886 1403 1898 =
1415 1872 1582 1905 Mundum

882 1919 986 1949 hunc
1008 1919 1086 1949 nihil
1113 1926 1219 1956 neque.
1267 1917 1296 1948 D
1318 1934 1364 1940 -—
1384 1926 1482 1956 neque
1503 1923 1582 1948 ante

881 1965 996 1994 maius.
1044 1963 1110 1997 OEQS
1135 1967 1169 1999 -Ι-
1196 1971 1293 2002 neque
1314 1971 1507 2002 magnum
1531 1972 1582 1994 or-

879 2010 995 2041 natius.
1021 2009 1050 2039 A
1063 2012 1097 2045 -ξ-
1113 2011 1150 2039 et
1172 2008 1294 2038 tamdiu
1317 2009 1476 2039 nobiscum
1491 2016 1582 2039 man-

879 2062 957 2085 sura
979 2056 1087 2085 sunt.
1134 2063 1156 2094 g
1173 2057 1207 2088 —l-
1224 2061 1377 2084 mansura
1397 2055 1507 2084 sunt.
1552 2052 1584 2083 G

881 2100 1023 2130 =nobis
1046 2107 1211 2130 mensura
1235 2108 1301 2130 om.
1326 2107 1407 2129 cum.

1153 2176 1232 2220 Cap,
1257 2176 1320 2211 IX.

928 2234 952 2278 Β
964 2249 1009 2262 =
1021 2235 1097 2266 Eme
1106 2244 1126 2266 n
1138 2236 1266 2266 tiamur.
1307 2233 1336 2265 D
1348 2249 1394 2261 =
1407 2236 1482 2269 Eme
1491 2245 1511 2266 π
1522 2235 1583 2266 ιὶα-

880 2289 977 2311 mus.

926 2327 1066 2359 nullum
1109 2327 1271 2359 invenire
1315 2326 1451 2356 solum
1498 2326 1583 2355 intra

881 2371 1036 2402 mundum
1059 2373 1119 2402 est
1140 2372 1296 2401 alienum
1318 2371 1437 2404 homini
1464 2372 1501 2400 ει
1523 2379 1582 2404 un-

881 2416 1061 2456 decumque,
1108 2415 1159 2446 Ita
1185 2413 1395 2457 scribendum
1419 2413 1507 2445 duxi.
1558 2414 1582 2445 B

885 2459 977 2491 GAD
989 2458 1047 2491 Pa.
1063 2461 1094 2494 z
1108 2482 1118 2492 .
1133 2483 1143 2493 .
1157 2483 1167 2494 .
1183 2459 1245 2494 (511.
1259 2474 1305 2487 =
1317 2461 1439 2491 nullum
1463 2461 1583 2493 inveni-

882 2507 920 2536 ri
954 2508 992 2536 et
1023 2506 1145 2536 illum
1171 2507 1254 2536 intra
1276 2505 1431 2536 mundum
1467 2503 1512 2547 [D
1536 2519 1583 2532 =

883 2559 972 2581 mon
983 2549 1074 2593 dum]
1088 2553 1131 2581 est
1148 2551 1286 2585 alienum
1302 2551 1419 2582 homini
1442 2553 1500 2584 est
1524 2560 1582 2586 un-

882 2595 1062 2634 decumque.
1109 2595 1208 2629 le.
1229 2610 1275 2623 =
1295 2596 1424 2627 Nullum
1446 2596 1583 2628 invenire

882 2641 967 2670 intra
990 2641 1145 2673 mundum
1161 2643 1216 2679 est,
1239 2642 1376 2673 alienum
1400 2649 1506 2680 opus
1528 2644 1581 2675 est.

883 2694 904 2725 g
924 2698 970 2711 =
989 2685 1111 2717 nullum
1133 2686 1284 2717 inveniri
1311 2687 1396 2717 intra
1428 2686 1582 2718 mundum

883 2730 1022 2760 alienum
1043 2731 1162 2762 homiui
1184 2733 1245 2763 est
1267 2731 1343 2763 und.
1386 2729 1498 2762 P2.=
1511 2732 1583 2763 nul-

883 2775 950 2806 lum
971 2776 1133 2808 inveniri.
1178 2778 1216 2808 et
1237 2778 1364 2811 illum
1388 2777 1471 2808 iutra
1491 2786 1584 2808 mun-

883 2820 962 2851 dum
988 2822 1033 2853 est
1055 2821 1194 2855 alienus
1216 2822 1334 2854 homini
1355 2824 1409 2853 est.
1456 2818 1515 2854 1³4.
1537 2835 1583 2849 ==
