1812 3184
172 399 310 442 >animo
333 398 506 440 nondum
527 398 787 455 perfecimus,
829 405 872 439 ut
893 398 1054 455 pessimi
1075 411 1267 440 essemus.

150 834 154 835 γ
178 803 390 846 munditias
431 802 734 844 antecessimus.

149 900 151 902 -
180 872 260 912 non
284 869 504 916 induendos
527 868 603 910 uiri
625 869 828 910 sumimus.

157 1251 161 1254 ,
181 1206 264 1261 ludi
282 1205 380 1261 fugit
401 1212 441 1247 et
460 1205 612 1247 locatus
632 1206 680 1247 ad
702 1212 868 1247 mortem
889 1206 1073 1248 infamiae
1094 1214 1283 1249 armatur.

525 218 709 259 NATUR.
741 219 951 269 QUAEST.
982 218 1076 259 LIB.
1097 219 1188 266 Vll,
1218 223 1285 258 52.
1545 217 1623 260 717

180 329 442 388 pecuniam,
462 368 464 370 .
487 330 620 386 utique
639 331 675 373 si
697 331 808 373 labor
828 338 973 373 cessat.
1033 328 1078 372 Id
1099 330 1202 386 quod
1227 343 1346 372 unum
1371 336 1453 370 toto
1478 329 1628 384 agimus

1328 396 1454 438 adbuc
1476 397 1516 438 in
1539 397 1629 452 pro}
1646 404 1662 431 4

179 466 415 509 cessionum
436 473 552 508 sunt:
597 466 750 508 inuenit
778 466 938 508 luxuria
967 465 1111 522 aliquid
1138 465 1231 507 noui
1250 465 1291 506 in
1313 465 1415 520 quod
1438 464 1625 505 insaniat.

179 533 335 576 inuenit
354 533 583 590 inpudicitia
603 538 750 575 nouam
772 533 1048 575 contumeliam
1070 533 1161 575 sibi.
1221 533 1373 575 inuenit
1403 532 1630 574 deliciarum

179 601 387 643 dissolutio
404 608 449 643 vet
465 601 580 643 tabes
598 601 742 656 aliquid
764 601 940 643 tenerius
958 600 1189 655 molliusque
1210 614 1285 655 quo
1305 607 1456 656 pereat.
1515 597 1631 639 Non-

146 699 150 701 -
179 669 271 711 dnm
291 668 390 710 satis
411 668 534 710 robur
557 682 674 710 omne
697 668 956 724 proiecimus:
997 667 1122 709 adhuc
1146 667 1327 723 quicquid
1350 674 1412 709 est
1433 667 1525 708 boni
1549 681 1633 708 mo-

1419 734 1632 776 muliebres

795 803 951 844 colores
979 802 1227 844 meretricios
1257 803 1447 844 matronis
1476 802 1631 858 quidem

890 876 1029 911 tenero
1050 876 1091 910 et
1114 869 1221 910 molli
1243 869 1403 911 incessu
1427 869 1631 925 Suspendi-
1649 881 1660 894 f

180 947 268 979 mus
290 936 479 992 gradum:
511 950 591 977 non
611 935 870 989 ambulamus,
901 937 972 978 sed
994 936 1227 978 incedimus.
1274 950 1516 979 exornamus
1536 951 1632 978 anu-

181 1003 232 1046 lis
252 1003 421 1059 digitos,
462 1003 504 1044 in
531 1003 638 1054 omni
663 1003 828 1045 articulo
851 1017 1006 1059 gemma
1027 1004 1259 1060 disponitur.
1321 1004 1464 1046 cotidie
1487 1004 1635 1045 conmi-

181 1072 371 1114 niseimur
389 1084 461 1127 per
481 1084 582 1126 quae
604 1069 781 1112 uirilitati
804 1072 869 1112 fiat
887 1071 1052 1123 iniuria,
1090 1078 1133 1112 ut
1152 1071 1402 1124 traducatur,
1441 1072 1532 1127 quia
1555 1069 1633 1113 non

181 1145 314 1196 potest
331 1138 449 1180 exui:
490 1138 590 1179 alius
611 1137 797 1194 genitalia
821 1138 994 1190 excidit,
1036 1138 1136 1180 alius
1155 1139 1196 1180 in
1220 1139 1459 1182 obscoenam
1482 1146 1632 1196 partem

1344 1221 1493 1264 egenus
1513 1207 1632 1249 etiam

184 1273 226 1315 in
244 1278 322 1329 quo
337 1273 516 1315 morbum
535 1287 651 1315 suum
671 1280 862 1315 exerceat
880 1274 989 1329 legit.
1048 1273 1240 1316 XXXII.
1270 1273 1450 1327 Miraris,
1482 1276 1517 1317 si
1537 1279 1635 1316 non-'

184 1341 283 1383 dum.
298 1340 492 1396 sapientia
515 1354 631 1381 omne
656 1354 754 1396 opus
779 1355 893 1382 suum
916 1341 1107 1397 inpleuit?
1135 1343 1306 1384 nondum
1327 1349 1407 1385 tota
1431 1356 1476 1384 se
1499 1343 1636 1398 nequi-

186 1407 242 1451 tia
262 1406 440 1464 protulit.
500 1407 625 1448 adhuc
647 1407 824 1449 nascitur
844 1416 883 1449 et
903 1408 993 1450 huic
1013 1423 1151 1451 omnes
1173 1424 1333 1465 operam
1356 1411 1515 1452 damus:
1548 1410 1637 1452 huic

186 1475 290 1517 oculi
312 1474 455 1526 nostri,
487 1474 577 1516 huic
599 1488 735 1516 manus
758 1475 953 1517 seruiunt.
1013 1474 1078 1518 Ad
1102 1477 1330 1532 sapientiam
1352 1478 1438 1532 quis
1461 1478 1639 1519 accedit?

186 1542 274 1599 quis
298 1542 454 1598 dignam
475 1541 646 1594 iudicat,
690 1542 766 1583 nisi
790 1557 903 1598 quam
926 1543 966 1584 in
991 1544 1157 1585 transitu
1179 1545 1364 1586 nouerit?
1403 1545 1490 1600 quis
1514 1545 1638 1601 philo-

186 1609 364 1666 sophiam
381 1615 449 1650 aut
473 1609 590 1650 ullum
612 1609 772 1651 liberale
794 1611 954 1666 respicit
977 1611 1144 1652 studium
1159 1643 1170 1663 ,
1205 1612 1279 1652 nisi
1301 1627 1388 1653 cum
1413 1613 1492 1654 ludi
1514 1613 1638 1654 inter-

186 1677 381 1729 calantur,
416 1690 503 1718 eum
523 1677 663 1732 aliquis
681 1677 836 1733 pluuius
855 1677 1070 1720 interuenit
1088 1678 1171 1720 dies
1193 1693 1307 1734 quem
1329 1680 1495 1735 perdere
1517 1680 1639 1722 libet?

180 736 237 778 ris
279 735 571 791 exstinguimus
612 735 797 790 laenitate
839 742 879 777 et
917 735 1086 791 politura
1126 749 1350 791 corporum.

231 1769 278 1802 la
300 1768 384 1809 quod
405 1776 505 1801 unum
533 1771 594 1801 tolo
617 1770 761 1810 agimus
784 1771 892 1801 animo

188 1813 338 1846 =BEG
351 1811 415 1848 &20
429 1836 440 1848 ο
454 1836 466 1848 e
481 1837 492 1849 ο
503 1813 574 1848 ml·
643 1814 702 1846 Gr·
723 1813 891 1849 23OE10=

188 1861 234 1893 ln
264 1859 349 1900 quod
379 1867 480 1891 unum
517 1861 582 1891 tola
615 1861 741 1900 aqimus
772 1861 890 1892 animo.

187 1903 282 1937 Piuc.
293 1913 329 1935 v·
337 1901 362 1935 l·
385 1902 455 1939 5132.
469 1926 507 1938 ..0
520 1903 554 1938 R
562 1918 608 1932 ==
621 1906 664 1936 ln
687 1905 771 1945 quod
793 1914 893 1937 unum

188 1951 250 1991 toto
273 1949 416 1989 agimur
438 1950 555 1981 animo.
580 1948 702 1993 probat
727 1950 824 1982 Grut.

232 1991 267 2026 4.
302 1993 328 2024 B
346 2005 393 2021 =
414 1995 538 2034 aliquid
559 1996 632 2026 novi
653 1996 688 2026 in
713 2004 792 2035 quo
827 2003 893 2026 se-

192 2039 297 2071 viai.
320 2038 354 2073 ἧς
365 2052 410 2066 =
423 2039 542 2071 Invenit
554 2049 577 2079 p
588 2049 609 2071 u
621 2040 745 2072 dicitia.
763 2039 892 2081 G(soe)

935 1771 1133 1802 traducatur.
1166 1770 1220 1802 BE
1231 1770 1369 1803 Fortun.
1382 1769 1422 1803 ci.
1437 1783 1486 1803 ω.
1511 1771 1638 1813 Ε(εω)

937 1818 1088 1855 —polesi
1111 1820 1190 1847 ante
1212 1818 1296 1848 exui.
1343 1816 1435 1847 B—
1391 1831 1435 1844 =
1458 1826 1520 1849 non
1539 1820 1640 1857 polest

938 1862 1038 1892 erui.
1080 1862 1162 1892 alius
1184 1863 1335 1901 yenilalia
1369 1863 1526 1894 abscidit
1556 1863 1639 1893 alius

939 1907 971 1936 in
993 1907 1158 1937 obscenam
1186 1907 1255 1938 ludi
1271 1910 1405 1946 partem.
1453 1905 1636 1938 Fromond.

940 1949 980 1982 ci.
1000 1964 1044 1978 =
1065 1952 1098 1982 in
1120 1952 1302 1983 obscoenam
1327 1955 1458 1984 artem
1481 1953 1558 1983 ludi.
1607 1951 1638 1983 G

939 1995 1040 2030 §8ssss
1060 2010 1104 2023 =
1122 1999 1246 2036 partem
1268 1998 1336 2028 ludi
1357 1998 1518 2037 fuyerit.
1564 1997 1640 2028 BEe

938 2038 998 2072 P3.
1022 2039 1118 2072 codd.
1146 2042 1224 2083 Ops.
1246 2056 1290 2069 =
1313 2043 1451 2082 infame
1485 2039 1639 2074 armatur.

192 2091 364 2129 —7novam
385 2088 465 2115 ante
484 2086 714 2116 contumeliam.
762 2085 785 2115 B
798 2099 843 2112 =
856 2094 894 2116 a·

190 2128 292 2169 Rauid
313 2129 366 2160 ad
375 2129 396 2160 h
405 2138 427 2160 u
437 2138 454 2160 c
476 2131 609 2161 tenerius
630 2133 666 2161 et
690 2132 824 2162 mollius.
861 2129 893 2161 G

191 2175 321 2216 (cnm)
342 2187 389 2201 ==
409 2183 428 2214 q
438 2183 460 2205 u
470 2183 529 2205 om
539 2184 556 2206 o
566 2175 587 2206 d
598 2183 615 2206 o
634 2178 752 2214 pereat.
799 2174 892 2206 Pinc.

191 2228 224 2251 v.
234 2217 259 2250 1.
271 2227 387 2259 =quo
406 2227 503 2258 perca
514 2221 525 2250 i
535 2228 593 2251 ur.
618 2219 704 2251 BEG
719 2219 777 2251 Gr.
791 2220 825 2254 §8
842 2231 893 2250 ω.

190 2261 276 2295 B—
285 2264 433 2296 laevitaie
457 2286 465 2295 .
476 2286 484 2294 .
498 2286 505 2295 .
529 2265 693 2296 matronis.
729 2263 826 2305 G(cr.
835 2265 892 2305 ω)

188 2322 237 2337 ==
253 2318 316 2342 non
329 2309 408 2340 indu
417 2308 546 2340 cendos.
580 2309 663 2340 13-—
617 2329 663 2336 —
676 2318 740 2341 non
760 2311 893 2343 induen-

175 2355 296 2399 ¹dum.

237 2396 270 2429 5.
302 2399 406 2430 temo
434 2400 463 2429 et
495 2398 584 2429 molli
614 2400 753 2430 incessu
775 2413 822 2426 =
844 2398 893 2430 Ee

194 2440 279 2478 mo
283 2464 308 2476 ιο
321 2442 368 2476 Θ.
439 2442 544 2484 Bong·
567 2452 608 2473 ex
631 2442 700 2474 CUI.
716 2443 796 2478 ffit„
801 2442 894 2478 iffi!

194 2486 350 2522 ffiust=
362 2487 476 2519 Tenere
489 2490 521 2519 et
540 2488 628 2519 molli
650 2489 684 2520 in
693 2498 713 2528 9
724 2497 742 2520 r
751 2497 830 2521 essu.
868 2489 893 2519 B

197 2531 229 2564 G
242 2531 302 2564 Gr.
323 2530 416 2564 Anic
442 2530 896 2569 Scal.913(51.ffltanffi2=

198 2578 313 2610 Yenero‘
336 2579 365 2609 et
384 2577 472 2608 molli
490 2586 652 2617 9ressu.
685 2578 711 2608 B
723 2577 816 2610 Fort.
831 2578 895 2614 (ξῖ.

197 2623 302 2658 ...Q
323 2635 370 2649 =
388 2631 452 2654 non
473 2623 674 2654 ambulamus
695 2623 751 2654 sed
777 2626 896 2664 repi-

197 2676 285 2699 mus.
317 2665 440 2710 probat
457 2665 596 2700 Fortun.
643 2668 791 2701 Ee=in
812 2671 897 2701 mnni
942 2670 1033 2704 ἕζε-

198 2713 331 2744 anicula
352 2713 602 2753 9emmandis
620 2715 835 2752 ponimus.
866 2714 898 2746 G

199 2758 375 2790 ==Gotidie
398 2758 677 2790 commiscimur.
713 2759 897 2793 θεωρη-

196 2803 427 2835 mini-scimus.
471 2802 579 2834 Ee==
598 2804 819 2836 humilitati
842 2806 899 2845 fiat

197 2849 327 2880 iniuria.
367 2847 398 2880 G
409 2846 467 2880 Gr.
478 2846 578 2884 ³851.
590 2847 659 2884 9232.
672 2870 710 2884 ..0
723 2848 756 2884 51³
767 2864 813 2878 =
824 2852 898 2882 aut

939 2085 1033 2117 Fort.
1056 2100 1103 2113 =
1125 2088 1164 2117 in
1199 2087 1307 2125 fame
1329 2090 1483 2120 armatur.
1517 2085 1640 2129 probat

939 2130 1078 2162 Fortun.
1103 2130 1286 2163 Fromond.
1309 2130 1349 2163 ci.
1370 2145 1415 2159 =
1437 2133 1479 2163 in
1511 2134 1642 2163 mortem

938 2176 1105 2215 infamem
1128 2179 1282 2207 armatur.
1314 2174 1374 2207 sed
1392 2174 1496 2218 magis
1519 2175 1642 2219 probat
1674 2216 1678 2219 ι

939 2218 1119 2262 vulgatam.
1169 2216 1267 2252 GP4.
1283 2219 1353 2252 Col.
1367 2222 1400 2256 §23
1416 2233 1449 2251 ω
1473 2222 1574 2264 (23=
1587 2231 1640 2253 ar-

937 2265 1087 2308 matus).
1133 2266 1159 2297 B
1182 2279 1226 2292 =
1250 2269 1287 2298 et
1315 2275 1449 2307 yenus
1479 2268 1575 2298 etiam
1608 2268 1641 2298 in

936 2319 1007 2350 quo.

1164 2387 1243 2431 Cap.
1273 2388 1423 2421 XXXII.

985 2443 1012 2474 B
1033 2457 1079 2471 =
1100 2445 1246 2476 Nondum
1279 2454 1310 2478 se
1352 2447 1492 2486 nequitia
1525 2449 1641 2478 totam

937 2490 1077 2529 protulit.
1126 2489 1156 2520 G
1171 2489 1256 2532 (sm)
1272 2492 1306 2525 ΞΒ
1324 2505 1371 2519 =
1395 2492 1472 2531 Quis
1494 2492 1641 2531 diganum

939 2534 1069 2566 indicat.
1117 2535 1150 2570 §B
1163 2549 1209 2562 =
1228 2537 1290 2567 nisi
1311 2546 1330 2576 q
1342 2546 1431 2568 uem
1453 2538 1486 2568 in
1508 2538 1643 2568 transitu

941 2581 1100 2611 moverit.
1155 2581 1181 2612 B
1201 2595 1247 2608 =
1271 2582 1348 2620 Quis
1377 2582 1642 2621 phylosophum

942 2627 1015 2655 aut
1048 2626 1149 2657 ullum
1181 2627 1308 2658 liberale
1340 2627 1480 2658 studium
1508 2627 1643 2666 respicit.

1047 2671 1126 2709 Quis
1153 2672 1402 2711 philosophum.
1450 2672 1483 2706 {3
1507 2690 1552 2695 —
1572 2681 1643 2703 cum

942 2720 1020 2746 ante
1043 2716 1122 2748 ludi.
1173 2715 1203 2748 G
1218 2730 1265 2743 =
1286 2717 1561 2749 intercalcancur.
1608 2717 1641 2751 ΞΒ

942 2774 988 2788 =
1002 2761 1144 2799 pluviis
1164 2763 1327 2794 intervenit
1350 2762 1426 2793 dies.

988 2814 1079 2845 quem
1090 2807 1220 2846 perdere
1238 2808 1378 2838 libet=
1390 2807 1465 2838 BEe
1477 2806 1526 2838 sG
1543 2805 1642 2838 codd.

943 2851 1023 2894 Ops.
1035 2850 1129 2883 Anio.
1142 2850 1182 2884 ci.
1204 2850 1322 2895 Steph.
1348 2850 1404 2896 (ad
1426 2851 1564 2885 Dalech.
1580 2852 1640 2894 Ep.
