1812 3184
279 161 361 204 710
725 157 769 197 1..
801 156 999 197 ANNAEI
1029 156 1259 197 SENECAE

279 269 500 321 occideret,
540 282 590 310 nn
608 267 863 324 retrogradus
892 273 1001 309 esset
1028 267 1136 323 (nam
1157 267 1231 309 hoc
1251 266 1307 308 illi
1328 279 1471 309 nomen
1499 266 1708 323 inpos-ere

246 351 263 377 ⁴
279 336 452 391 cedenti)
480 342 572 378 ante
600 348 745 392 paucos
771 347 896 376 annos
920 333 1136 375 didicimus.
1196 331 1354 376 quenti
1384 340 1476 376 sunt
1503 333 1570 389 qni
1599 331 1712 376 nobie

275 404 473 446 dicerent:
515 402 696 454 Erratis,
738 401 841 457 quod
869 400 987 443 ullam
1016 400 1169 442 stellam
1197 407 1266 442 ant
1293 400 1534 460 supprimere
1553 413 1713 443 cursum

275 469 456 513 iudicatis
493 476 562 512 aut
597 476 770 511 uertere.
830 481 911 509 non
939 467 1032 510 licet
1059 474 1165 509 stare
1192 467 1429 509 coelestibus
1457 466 1711 519 neusa-etsie

277 538 479 593 prodeunt·
498 536 652 588 omnia,
692 542 736 577 ut
765 535 888 577 semel
915 534 1035 576 missa
1064 541 1156 576 sunt
1184 534 1345 576 uadunt.
1404 533 1507 576 idem
1526 532 1613 575 erit
1631 532 1715 576 iffi:

278 617 416 646 cursus
446 603 512 658 qui
541 603 602 645 sui
631 602 734 644 linis.
796 599 907 657 Opus
936 601 1010 642 hoc
1039 607 1242 642 aeternum
1278 599 1565 653 inreuocabiles
1599 599 1718 642 habet

279 677 434 712 motus:
476 670 541 725 qui
571 670 606 711 si
635 669 788 725 quando
818 668 1086 719 constiterint,
1128 667 1205 709 alia
1228 681 1281 709 ex
1304 666 1592 721 aliisincident
1618 670 1718 721 quae

281 751 384 778 nunc
401 744 517 778 tenor
534 743 575 778 et
592 736 807 791 aequalitas
828 741 976 776 seruat.
1037 732 1200 777 XXVI.
1234 733 1339 789 Quid
1359 741 1420 776 est
1441 746 1538 788 ergo
1560 746 1632 775 cur
1646 732 1719 775 *ati-

282 816 357 858 qua
375 804 504 845 redire
527 804 759 844 uideantur?
817 799 924 843 Solis
947 814 1134 842 occursus
1156 800 1326 856 speciem
1350 800 1426 841 illis
1442 799 1639 843 ‘tarditatis
1657 799 1718 841 in·

282 869 391 924 ponit
418 877 459 910 et
485 877 623 911 natura
652 869 800 911 uiarum
835 867 1145 921 circulorumque
1177 867 1235 908 sic
1267 867 1505 922 positorum,
1545 872 1592 908 ut
1609 871 1718 909 certo

282 942 457 991 tempore
495 936 694 977 intuentes
730 935 879 975 fallant.
945 931 1016 975 Sic
1053 946 1198 984 naues,
1241 932 1418 986 quamuis
1457 931 1582 987 plenis
1619 930 1719 974 udis

286 1006 402 1053 eant,
442 1001 624 1042 uidentur
649 1007 778 1041 tamen
803 1005 926 1040 stare.
987 997 1076 1040 Erit
1102 998 1167 1052 qui
1194 999 1436 1039 demonstret
1456 996 1660 1053 aliquando
1679 997 1722 1039 iu

282 1066 421 1121 quibus
443 1073 618 1108 cometae
642 1065 815 1121 partibus
842 1070 1025 1116 currant,
1058 1055 1154 1106 ‘cum
1177 1071 1256 1106 tam
1276 1065 1426 1106 seducti
1450 1079 1473 1107 a
1496 1064 1723 1107 ceter-isere

283 1140 398 1185 rent,
441 1133 575 1188 quanti
600 1132 812 1187 qualesque
832 1131 926 1172 sint.
989 1129 1175 1173 Contenti
1198 1131 1319 1173 simus
1343 1127 1538 1175 inuentis:
1579 1130 1724 1187 aliquid

282 1199 441 1242 ueritati
459 1206 499 1241 et
520 1199 668 1255 posteri
690 1199 911 1240 conferant.
970 1196 1051 1240 Per
1072 1199 1229 1251 stellas,
1259 1198 1406 1254 inquit,
1439 1199 1624 1241 ulteriora
1641 1212 1722 1241 nou

253 1278 270 1304 2
288 1266 502 1318 cernimus,
523 1280 594 1322 per
616 1272 787 1308 cometas
809 1265 932 1315 aciem
950 1266 1261 1307 transmittimus.
1301 1264 1476 1307 Primum
1495 1266 1529 1309 si
1550 1266 1592 1308 fit
1609 1265 1719 1317 illud,

286 1354 345 1387 Ee.
415 1355 445 1386 G
458 1352 518 1387 1²4.
529 1353 630 1391 Qssl.
642 1369 688 1382 =
700 1358 803 1387 utrum
817 1357 981 1394 meryeret

1023 1364 1087 1387 ves.
1134 1355 1227 1386 Fort.
1251 1369 1298 1382 =
1320 1357 1357 1387 ut,
1376 1357 1456 1387 certo
1487 1358 1622 1396 tempore
1651 1357 1718 1388 vet

287 1399 357 1440 lup.
401 1397 635 1433 1²3.—-'-utrum
659 1400 760 1431 mihi
782 1400 978 1440 yeretlup.

1024 1401 1213 1432 inventis
1234 1400 1380 1431 intuens
1402 1400 1580 1440 afflant.
1603 1398 1720 1438 Βᾶτε

288 1443 360 1475 Col.
379 1457 425 1472 =
445 1448 550 1476 utrum
573 1445 722 1483 iugitur
743 1444 869 1482 Iupiter.
916 1442 978 1476 (22.

286 1488 554 1523 ...st=utrum
577 1490 765 1527 emergeret
787 1488 856 1525 Iup.
900 1487 923 1517 B
935 1499 981 1514 =

287 1533 514 1572 inposuerunt
535 1532 664 1564 cedenti.
711 1530 864 1563 Anic.=
881 1533 982 1571 impo-

288 1585 374 1608 suere
395 1586 413 1608 r
422 1586 437 1608 e
446 1577 574 1609 cedenti.

344 1618 378 1652 4.
413 1621 518 1661 quod
550 1620 649 1653 ullam
686 1620 807 1651 stellam
825 1632 872 1647 =
896 1618 982 1651 BEG

289 1666 410 1706 (ωτι).
479 1664 544 1699 ΟΞΒ
557 1685 596 1699 ...
610 1664 697 1698 st=
708 1665 778 1705 qui
793 1663 984 1707 ullam[(S1.

288 1722 334 1736 =
352 1709 506 1751 nullam]
542 1710 674 1742 stellam.
731 1709 776 1740 Ee
795 1726 838 1732 —
858 1718 984 1741 cursum

289 1758 367 1796 post
400 1755 601 1793 supprimere.
655 1753 682 1784 B
705 1767 751 1780 =
771 1754 800 1784 N
807 1762 885 1785 unc
918 1754 985 1785 licet

288 1800 382 1830 stare.
407 1797 501 1839 G(cr.
509 1799 566 1839 ω)
579 1811 625 1825 =
633 1807 710 1837 proc
719 1807 734 1830 e
744 1798 765 1829 d
776 1807 796 1829 u
806 1807 826 1829 n
837 1800 848 1829 t
869 1799 984 1829 omnia.

288 1842 314 1873 B
326 1840 438 1874 Nicot.
453 1856 500 1871 =
518 1846 553 1875 ut
575 1843 666 1875 semel
689 1844 701 1874 i
711 1851 812 1874 ussa
834 1845 906 1874 sunt
927 1851 985 1873 va-

288 1887 378 1924 dunt.
398 1886 521 1929 probat
542 1888 667 1930 Opsop.
716 1887 908 1918 B=motus
927 1887 985 1918 ha-

288 1931 336 1962 bet
357 1932 411 1970 qui
432 1932 460 1964 si
478 1933 605 1973 quando
629 1933 822 1964 constiterit.
846 1931 985 1972 G(s.m.)

288 1991 333 1999 —
355 1976 383 2007 si
411 1981 490 2008 aute
511 1976 649 2017 quando.
696 1976 725 2008 G
738 1978 802 2017 (cr.
817 1977 874 2016 ω)
887 1977 920 2011 §B
941 1989 987 2004 =

289 2020 397 2051 constit
406 2029 428 2052 u
437 2030 452 2052 e
460 2022 532 2053 rint.

334 2064 399 2094 alia
423 2073 462 2096 ex
494 2066 601 2096 aliis
633 2065 769 2096 incident
790 2078 836 2091 =
860 2065 907 2096 Ee
920 2064 986 2095 mG

289 2105 364 2138 cod.
391 2108 470 2149 Ops.
543 2108 569 2138 B
589 2121 635 2136 =
656 2110 720 2139 alia
746 2118 784 2139 ex
808 2109 986 2141 adverso

289 2151 464 2183 incidunt.
513 2150 543 2181 G
557 2151 614 2182 Gr.
629 2151 692 2185 (52.
707 2174 745 2185 ...
759 2153 791 2186 „e
802 2166 847 2179 =
858 2154 925 2183 alia
949 2162 987 2184 ex

288 2194 471 2226 adverso
504 2195 650 2227 incident.
705 2197 737 2229 §23
762 2209 805 2222 =
830 2196 910 2226 alio
948 2205 987 2227 ex

290 2238 447 2270 advers
459 2247 476 2270 ο
507 2239 654 2271 incident.
703 2239 766 2274 (sl.
789 2253 835 2267 =
859 2240 926 2271 alia
949 2249 988 2271 ex

289 2282 357 2314 div
367 2290 381 2315 e
390 2292 407 2314 r
416 2292 431 2314 s
442 2292 459 2315 ο
481 2283 626 2315 incident.
676 2282 707 2313 G
721 2285 833 2324 (mm)
848 2302 893 2307 —
905 2294 987 2316 nunc

288 2331 367 2358 ante
402 2329 495 2358 tenor.
542 2324 600 2359 P4.
626 2326 696 2360 Col.
719 2329 818 2363 §BQL
839 2342 884 2355 =
908 2337 987 2368 quae

286 2380 308 2403 n
317 2379 334 2402 ο
343 2380 364 2403 n
387 2373 481 2404 tenor.
517 2371 544 2402 E
557 2373 683 2412 (cnm)
698 2374 786 2413 e(cr.
795 2373 852 2413 ω)
863 2387 908 2400 =
920 2381 983 2404 ser-

287 2424 307 2445 v
318 2423 332 2447 e
343 2418 364 2446 t.
413 2414 443 2447 G
456 2417 518 2457 (cr.
536 2418 591 2456 ω)
605 2430 650 2444 --
663 2426 780 2450 servan
791 2421 813 2450 t.

524 2492 602 2538 Cap.
629 2495 757 2528 xxvl.

333 2557 387 2580 cur
411 2549 521 2588 aliqua
543 2551 642 2582 redire
662 2564 707 2577 =
724 2551 775 2582 BE
790 2551 833 2586 ffll
846 2573 856 2586 .
868 2573 878 2585 .
891 2574 901 2586 0
915 2551 984 2586 2231.

288 2592 392 2627 ‘musto
462 2591 554 2626 GP4·
569 2593 639 2626 COl·
652 2596 686 2630 ἃς
697 2617 736 2629 σου
750 2595 783 2629 ᾧ
795 2596 864 2631 ffi20
879 2599 914 2634 ‘i‘
930 2605 985 2628 cur

289 2639 325 2668 et
347 2637 457 2677 aliqua
478 2639 589 2670 redire.
633 2638 719 2671 lllud
747 2637 867 2683 probat
888 2640 982 2672 Grut.

290 2680 372 2712 ss==
388 2683 422 2712 ut
444 2685 523 2714 certo
545 2685 679 2723 tempore
699 2686 850 2717 intuentes
874 2686 922 2725 af
929 2685 945 2725 f
951 2686 985 2716 i-

290 2725 387 2756 ciat.
433 2726 481 2757 Ee
493 2724 552 2758 1²4.
564 2741 609 2755 =
622 2731 654 2759 ut
677 2731 756 2760 certo
779 2732 912 2769 tempore
937 2731 985 2761 in-

289 2770 405 2800 tuentes
428 2771 514 2809 affl
527 2775 607 2804 ant.
655 2772 742 2803 G=
755 2776 787 2804 ut
811 2777 890 2806 certo
910 2777 985 2806 tem-

288 2821 362 2852 pore
385 2814 541 2847 intuens
564 2816 611 2857 [m
631 2816 821 2861 afflant}
858 2819 911 2851 Sic
927 2827 983 2850 na-

1024 1446 1059 1475 ut
1082 1447 1162 1475 certo
1183 1447 1315 1483 tempore
1336 1444 1400 1474 vel
1432 1445 1624 1477 inventis
1654 1446 1696 1478 in
1707 1463 1722 1469 -

1025 1488 1167 1527 fluens
1190 1488 1368 1527 afflant.
1418 1486 1488 1519 Col.
1502 1489 1637 1523 ss==ut
1656 1498 1722 1522 m.

1026 1534 1056 1564 to
1084 1535 1218 1571 tempore
1250 1533 1398 1563 intuens
1428 1533 1606 1574 afflant.
1654 1533 1720 1569 ΕΙ.

1026 1590 1072 1604 =
1086 1579 1120 1607 ut
1133 1579 1212 1608 certo
1234 1579 1366 1616 tempore
1378 1577 1526 1609 intuentes
1549 1579 1635 1619 affl
1644 1588 1660 1611 e
1670 1589 1690 1611 n
1701 1581 1723 1611 t.

1028 1620 1166 1652 Fortun.
1188 1619 1227 1651 ci.
1254 1621 1323 1655 ffiz.
1350 1623 1385 1658 -Ι-
1412 1624 1447 1653 ut
1478 1624 1558 1654 certo
1582 1625 1724 1663 'tempore

1028 1675 1048 1697 υ
1060 1667 1095 1698 et
1117 1667 1158 1697 in
1167 1668 1177 1702 t
1187 1674 1201 1697 e
1211 1668 1251 1697 nt
1262 1667 1272 1697 i
1283 1675 1304 1696 u
1313 1674 1330 1697 s
1343 1667 1494 1699 intuentes
1505 1667 1629 1708 fallant.
1647 1677 1724 1710 pro-

1028 1709 1088 1741 bat
1109 1708 1248 1741 Koeler.
1295 1708 1389 1742 Anic.
1408 1710 1504 1742 Rom.
1519 1715 1554 1749 -Ι-
1570 1713 1637 1746 vel
1658 1715 1725 1744 at-

1030 1757 1040 1786 t
1051 1763 1095 1786 en
1106 1756 1168 1786 tiu
1177 1763 1193 1786 s
1214 1755 1374 1786 intuentes.
1415 1754 1478 1789 (⁵32.
1492 1778 1529 1791 ...
1542 1756 1611 1791 9231.
1622 1756 1680 1791 §Ru
1691 1756 1724 1790 ST

1034 1811 1085 1830 ω.
1140 1799 1164 1830 Β
1175 1813 1221 1826 =
1232 1801 1315 1831 stare
1336 1801 1440 1832 tamen
1457 1801 1613 1835 videntur.
1657 1802 1725 1833 En't

1029 1845 1201 1884 aliquando
1223 1844 1276 1884 qui
1298 1843 1490 1878 demonstret.

1075 1890 1109 1921 in
1142 1889 1252 1929 quibus
1286 1891 1419 1921 cometae
1448 1891 1594 1930 partibus
1625 1899 1642 1923 c
1653 1899 1700 1924 ur
1710 1907 1724 1914 -

1030 1943 1048 1966 r
1057 1943 1077 1964 a
1087 1944 1108 1966 n
1117 1936 1139 1973 t,
1163 1943 1179 1965 c
1187 1943 1208 1964 u
1216 1942 1249 1964 m
1271 1935 1336 1964 tam
1349 1934 1467 1966 seducti
1486 1943 1508 1966 a
1529 1935 1635 1969 ceteris
1658 1943 1674 1967 e
1682 1943 1701 1966 r
1710 1951 1724 1958 -

1031 1981 1134 2010 rent.
1180 1978 1232 2009 Ita
1258 1975 1467 2010 scribendum
1489 1976 1631 2011 videtur.
1677 1978 1724 2011 Ee

1031 2036 1075 2050 =
1087 2023 1198 2062 quibus
1212 2024 1345 2054 cometae
1357 2025 1501 2062 partibus
1514 2026 1641 2056 currant
1654 2032 1724 2060 cum

1031 2070 1097 2099 tam
1131 2068 1249 2099 seducti
1274 2066 1334 2107 [ει-
1355 2065 1412 2100 Ρ3.
1434 2067 1538 2110 mian]
1574 2077 1596 2099 a
1619 2069 1724 2100 ceteris

1032 2114 1125 2143 erret
1151 2111 1237 2153 (s.m.
1258 2112 1381 2152 errat).
1427 2112 1452 2143 B
1473 2126 1519 2140 ==
1541 2114 1652 2154 quibus
1673 2121 1726 2144 co-

1030 2158 1129 2186 metae
1155 2156 1298 2194 partibus
1328 2159 1456 2189 currant
1487 2165 1558 2189 cum
1590 2159 1656 2190 tam
1677 2165 1726 2189 ³2-

1032 2199 1076 2229 du
1086 2207 1102 2228 c
1112 2201 1122 2228 t
1132 2206 1152 2228 α
1172 2200 1277 2229 ceteris
1299 2207 1314 2229 e
1323 2208 1343 2229 a
1353 2202 1402 2231 nt.
1450 2200 1480 2232 G
1491 2215 1538 2229 =.
1548 2201 1660 2242 quibus
1674 2209 1725 2232 co-

1031 2244 1130 2273 metae
1162 2243 1305 2282 partibus
1337 2251 1352 2274 e
1361 2252 1403 2275 rr
1413 2251 1428 2275 e
1437 2248 1478 2276 nt
1510 2243 1548 2287 [s
1570 2244 1722 2287 curram]

1033 2294 1103 2318 cum
1124 2288 1188 2318 tam
1211 2286 1328 2316 seducti
1351 2296 1372 2319 α
1395 2290 1500 2320 ceteris
1522 2298 1537 2320 e
1547 2297 1568 2320 a
1577 2291 1619 2320 nt
1637 2289 1664 2332 (s
1676 2297 1724 2331 er-

1031 2329 1146 2371 rant).
1191 2327 1249 2361 1³4.
1266 2342 1312 2358 -·—-
1329 2336 1469 2364 errent
1491 2341 1562 2364 cum
1583 2334 1650 2364 tam
1677 2342 1725 2367 se-

1034 2375 1131 2406 ducti.
1164 2373 1234 2405 Col.
1248 2389 1293 2402 =
1306 2383 1371 2407 err
1381 2385 1396 2407 e
1406 2379 1448 2408 nt
1470 2387 1540 2409 cum
1562 2373 1611 2411 σᾶ
1631 2377 1724 2411 sedu-

1029 2419 1079 2450 cti.
1126 2419 1158 2453 §B
1170 2433 1215 2447 ..—..
1226 2421 1336 2458 quibus
1350 2423 1483 2454 cometae
1502 2423 1647 2462 partibus
1668 2430 1725 2455 er-

1028 2465 1130 2494 rent.
1180 2465 1258 2495 Cum
1281 2467 1346 2496 tam
1368 2466 1486 2497 seducti
1508 2475 1556 2497 ac
1590 2467 1725 2498 terris

1030 2510 1150 2551 eant.
1187 2508 1465 2543 Q1.=errent.
1499 2512 1577 2542 Cum
1593 2513 1658 2542 tam
1677 2519 1726 2542 se-

1029 2553 1114 2583 ducti
1140 2562 1162 2583 a
1189 2554 1317 2587 caeteris
1348 2562 1363 2586 e
1373 2561 1395 2585 a
1405 2557 1455 2587 nt.
1500 2553 1610 2588 Etiam
1632 2553 1724 2588 Anio.

1030 2595 1116 2627 Scal.
1141 2596 1238 2628 Rom.
1249 2612 1292 2626 =
1305 2601 1441 2631 currant.
1488 2598 1551 2634 &20
1564 2622 1575 2634 0
1587 2622 1598 2633 .
1608 2622 1618 2633 ·
1629 2599 1664 2635 R
1676 2613 1722 2628 =

1031 2644 1191 2681 errent,
1225 2651 1298 2674 cur
1334 2645 1400 2675 tam
1424 2644 1542 2677 seducti
1571 2653 1592 2675 a
1620 2645 1726 2677 ceteris

1031 2688 1134 2716 eant.
1182 2687 1207 2718 B
1222 2701 1268 2715 ==
1284 2689 1392 2728 quemn·
1414 2690 1522 2728 quates
1542 2689 1628 2728 ipsi
1652 2689 1722 2720 sint.

1031 2729 1124 2759 13=
1146 2733 1174 2762 et
1194 2733 1309 2771 posteri
1337 2735 1565 2766 conterent.
1613 2733 1659 2766 En
1683 2736 1717 2770 -ιτ

1028 2783 1085 2815 per
1108 2779 1240 2808 cometas
1261 2785 1276 2809 e
1286 2779 1297 2808 t
1307 2777 1319 2808 i
1328 2785 1348 2808 α
1358 2785 1390 2809 m
1412 2779 1522 2809 aciem.
1605 2811 1607 2813 ,

1075 2817 1106 2851 2.
1131 2821 1272 2853 Primum
1295 2822 1323 2854 si
1345 2822 1379 2862 fit
1402 2822 1483 2854 illu
1493 2820 1516 2853 d
1534 2836 1579 2850 ==
1600 2819 1655 2855 Ee.
