1812 3184
227 209 312 252 350
351 209 420 248 AD
452 209 703 262 POLYBwM
735 209 800 250 DE
830 210 1227 252 CONSOLATIONE.
1266 213 1404 254 xvul.
1427 216 1528 264 [24.]

229 320 333 362 ditus
361 327 401 362 ct
427 320 603 363 barbaris
638 335 790 377 quoque
815 321 1106 364 humanioribus
1137 323 1271 378 grauis
1293 323 1469 373 fremitus
1490 324 1657 367 circu-³·

190 439 192 441 ,
226 394 356 430 sonat.

225 481 412 519 quibusdam
436 481 624 512 animalibus
647 480 763 519 brutis,
786 489 918 520 quorum

225 526 348 564 querela
381 526 545 565 iustificari
583 526 705 556 videtur
737 526 918 557 auctoritate

228 570 350 601 Galieni
372 573 398 600 et
414 571 587 601 Aristotilis.
611 570 753 602 Secundo
775 570 818 601 ibi
833 571 917 602 Non

226 611 425 654 exiguum
448 617 622 654 tempus.
655 618 801 646 naturam
825 623 917 646 excu-

225 661 275 690 sat
295 660 418 699 dicens,
444 659 527 698 quod
549 661 670 698 tempus
690 660 772 690 vitae
794 662 918 691 nostrae

210 704 436 744 *quodcumque
467 705 507 734 sit
537 704 616 735 illud
647 705 732 735 nobis
763 707 806 735 est
827 705 917 744 suffi-

224 748 307 779 ciens
333 749 360 779 si
378 749 546 787 prudenter
556 749 752 788 disponatur,
775 749 828 779 sed
841 750 917 787 quia

223 801 280 823 nos
312 794 458 824 inanibus
490 793 625 832 neyociis
656 795 682 824 et
708 791 918 832 voluptatibus

222 838 328 868 carnis
349 838 446 868 dediti
467 840 587 876 tempus
613 840 750 869 nostrum
770 839 918 869 inutiliter

220 882 392 920 perdimus
405 883 618 913 brevissimum
638 881 725 913 nobis
746 891 809 913 esse
830 882 916 912 vide-

222 927 296 965 tur‚·
319 927 358 957 de
379 936 438 966 quo
460 928 535 958 dicit
554 935 617 957 esse
639 927 820 958 mirandum
842 927 918 965 quia

222 979 295 1001 cum
317 979 421 1002 omnes
441 972 642 1002 communiter
663 972 700 1002 de
729 972 918 1009 patrimonio

222 1015 284 1045 sint
315 1016 498 1046 avari'nec
530 1016 609 1046 illud
633 1016 670 1045 de
704 1015 794 1054 faciti
823 1016 918 1045 velint

220 1060 335 1097 partiri
357 1068 426 1089 cum
450 1060 566 1098 atiquo,
590 1061 709 1098 tempus
731 1067 823 1089 suum
846 1067 916 1090 cum

223 1103 374 1133 omnibus·
386 1104 533 1142 facillime
552 1105 732 1142 partiuntur
753 1105 781 1133 et
803 1104 840 1134 de
863 1103 916 1133 illo

223 1149 294 1178 sunt
325 1148 452 1188 prodigi
485 1148 573 1179 cuius
603 1148 698 1179 solius
721 1148 846 1178 honesta
874 1149 916 1178 est

222 1193 371 1223 avaritia.
430 1193 532 1224 Tertia
562 1194 608 1231 ibi
643 1193 794 1226 audiet
824 1193 916 1231 ple-

223 1245 375 1275 rosque
404 1237 609 1269 dicentes.
654 1239 741 1268 notat
761 1237 916 1279 quosdam

222 1281 277 1320 qui
308 1282 384 1320 reip.
408 1282 542 1322 neyociis
573 1283 621 1314 vel
643 1282 754 1321 officiis
783 1282 916 1320 publicis

221 1327 364 1364 occupati
386 1327 552 1366 disponunt
574 1327 679 1366 officia
701 1329 773 1357 tunc
791 1326 916 1356 demum

220 1370 390 1409 relinquere
412 1380 451 1402 ac
485 1372 519 1402 in
551 1373 653 1402 ocium
684 1380 715 1401 se
749 1371 916 1409 transferre

221 1422 293 1445 cum
315 1415 359 1445 ad
391 1417 573 1446 senectutem
596 1416 789 1454 pervenerint
810 1415 915 1453 dispo-

220 1461 324 1491 nentes
353 1461 425 1490 tunc
445 1461 544 1490 vitam
567 1469 659 1491 suam
690 1460 823 1498 incipere
845 1467 916 1489 cum

220 1503 422 1534 desinendam
457 1506 500 1534 est
536 1506 648 1535 vivere.
703 1506 789 1534 notat
821 1504 915 1534 etiam

219 1548 372 1587 quosdam
395 1550 448 1587 qui
477 1549 577 1579 ocium
601 1549 814 1579 collaudantes
834 1548 915 1578 desi—

220 1593 331 1623 derare
353 1602 385 1624 se
406 1594 513 1624 dicunt
541 1594 682 1633 publicas
714 1593 916 1623 administra-

220 1638 474 1672 tionesdeserere
508 1639 535 1668 si
567 1639 754 1677 possibilitas
777 1637 866 1667 detur
887 1637 915 1666 et

221 1682 297 1712 tales
328 1685 416 1713 erant
449 1684 482 1713 ut
506 1684 585 1714 alios
617 1683 813 1713 mutaverunt
839 1689 916 1711 nam

219 1735 290 1757 cum
312 1729 506 1767 erumperent
527 1728 621 1759 verba
655 1735 760 1759 eorum
786 1726 915 1766 affectus

962 479 1006 511 ad
1030 480 1280 512 consuetudinem
1301 490 1394 514 suam
1415 482 1550 523 finaliter
1570 483 1654 516 labe⁸¹

962 526 1084 556 bantur.
1131 526 1248 565 Quarto
1273 527 1316 558 ibi
1348 527 1542 568 Nostram
1571 537 1654 561 mc·

962 570 1139 601 hercule.
1182 571 1258 602 dicit
1278 571 1361 611 quod
1394 573 1461 604 vita
1495 573 1655 605 cuiuslibet

962 616 1242 656 quantumcumque
1266 617 1306 647 sit
1334 617 1428 656 lonya
1450 617 1584 652 dicenda
1609 619 1654 651 ed

961 659 1061 690 brevis
1077 667 1116 690 ex
1134 668 1168 690 eo
1184 661 1267 699 quod
1287 669 1344 700 per
1366 663 1579 703 occupationes
1603 662 1655 694 di-

960 712 1067 734 versas
1099 704 1246 736 inutiliter
1277 706 1411 744 labitur,
1447 715 1518 738 cum
1549 709 1653 739 tamen

961 749 1131 780 communis
1157 750 1196 779 sit
1227 752 1374 780 sententia
1395 750 1541 790 quod'ab
1562 751 1653 784 occu-

958 793 1051 831 palis
1077 793 1156 823 nihil
1186 796 1285 832 potest
1317 795 1431 826 utiliter
1459 797 1594 828 exerceri
1623 797 1660 828 etr

960 837 1057 867 multo
1068 838 1173 868 minus
1183 839 1317 869 exerceri
1327 841 1425 877 potest
1435 848 1457 870 a
1468 841 1582 872 talibus
1597 847 1652 872 ars

958 881 1084 912 vivendi
1106 890 1169 920 qua
1191 883 1279 913 nulla
1304 883 1465 923 difficilior
1489 885 1650 924 reperitur.

963 925 1075 964 Quinto
1098 926 1140 956 ibi
1164 928 1271 966 quod
1301 930 1517 968 proposui,
1541 930 1577 960 si
1607 930 1651 961 in

957 972 1108 1008 partes
1140 973 1195 1001 etc.
1228 980 1285 1009 per
1315 972 1416 1002 locum
1447 981 1469 1003 a
1501 972 1654 1006 divisione

958 1014 1071 1052 probat
1091 1014 1173 1052 quod
1196 1016 1337 1053 occupati
1354 1024 1443 1047 omne
1463 1025 1556 1048 suum
1577 1020 1653 1049 tun-

957 1066 1020 1096 pus
1051 1058 1198 1089 inutiliter
1224 1060 1360 1097 perdunt
1382 1068 1419 1091 .s.
1438 1062 1652 1102 pmeteritum,

957 1110 1104 1140 praesens
1127 1105 1154 1133 et
1175 1103 1325 1142 futurum.
1366 1106 1393 1135 et
1416 1105 1556 1137 declarat
1575 1106 1653 1147 quos

959 1146 1101 1186 intelligit
1121 1150 1286 1186 occupatos
1308 1150 1337 1179 et
1351 1157 1426 1188 quos
1444 1151 1571 1182 ociosos.
1594 1150 1651 1191 Se-

959 1191 1064 1222 cunda
1079 1200 1162 1230 ‚pars
1184 1193 1395 1229 subdividitur
1415 1194 1450 1225 in
1472 1197 1532 1227 tres
1550 1195 1652 1235 parti-

960 1235 1056 1271 culas.
1091 1236 1127 1267 In
1146 1237 1253 1275 primu
1272 1239 1428 1276 querelam
1439 1239 1568 1271 Paulini
1583 1239 1652 1280 {ra-

959 1281 1014 1310 tris
1036 1281 1086 1311 sui
1108 1283 1215 1312 contra
1235 1282 1394 1320 fortunam
1415 1285 1573 1323 exagerat.
1614 1284 1651 1317 ln

960 1325 1098 1355 secunda
1130 1326 1174 1356 ibi
1205 1327 1390 1357 Proinde
1421 1336 1651 1366 parcamus

956 1370 1101 1407 proponit
1134 1369 1236 1401 deesse
1267 1371 1405 1402 remedia
1436 1371 1652 1406 consolationis

959 1413 993 1443 in
1015 1414 1171 1444 tertia·ibi
1194 1415 1421 1454 Numquam
1452 1425 1523 1458 ego
1547 1426 1649 1457 pro-

959 1457 1090 1488 hibeo.
1113 1459 1265 1489 concludit
1279 1469 1339 1491 non
1361 1468 1424 1491 esse
1442 1462 1566 1501 penitus
1575 1471 1650 1502 pro-

958 1501 1126 1533 hibendum
1157 1511 1195 1533 ne
1229 1504 1298 1542 quis
1319 1504 1358 1534 de
1386 1507 1482 1536 morte
1513 1506 1650 1546 fratru'm

958 1547 1007 1576 vel
1029 1548 1201 1578 amicorum
1218 1549 1291 1588 {leat
1311 1549 1360 1579 vel
1373 1548 1495 1589 doleat,
1518 1551 1572 1583 sed
1600 1549 1650 1582 ai-

959 1591 999 1621 cit
1022 1599 1093 1621 cum
1113 1592 1323 1624 moderatione
1344 1593 1511 1625 dolendum
1531 1596 1560 1626 et
1581 1604 1652 1627 eum

960 1635 991 1665 in
1015 1635 1118 1666 dolore
1142 1637 1270 1667 modum
1300 1645 1363 1668 esse
1384 1639 1573 1671 servandum
1595 1641 1650 1680 qui

960 1687 1014 1710 nec
1035 1680 1223 1720 impietatem
1244 1690 1299 1714 nec
1327 1682 1485 1715 insaniam
1506 1682 1652 1717 imitetur.
