1812 3184
482 182 666 225 NArun.
698 183 907 235 QUAEST.
939 183 1033 224 Lus,
1058 184 1128 231 vl,
1160 188 1227 225 27.
1492 181 1576 227 673

125 295 409 349 numenium
429 309 592 353 gregem
615 296 881 340 exanimatum
907 296 950 339 in
971 295 1213 353 Pompeiana
1238 295 1420 351 regione.
1478 294 1576 339 Non

126 371 326 423 εὕρητο
345 364 420 407 boc
441 371 555 422 putes
577 365 717 414 ouibus
739 365 816 408 illis
836 365 978 407 timore
996 364 1203 417 accidisse.
1261 361 1449 406 Diximus
1470 365 1576 408 sole-

123 439 283 491 re,post
303 446 468 490 magnos
501 440 694 475 terrarum
725 441 855 475 motus
885 432 1146 490 pestilentiam
1171 431 1256 474 lieri
1277 445 1351 474 nec
1371 431 1410 473 id
1433 431 1576 474 mirum

124 508 207 546 est:
248 501 371 544 multa
392 499 496 543 enim
524 491 728 555 mortifera
749 501 790 543 in
814 501 893 543 alto
916 501 1056 543 latent.
1077 554 1083 558 Ι
1114 500 1203 542 Aer
1220 499 1305 555 ipse
1325 499 1389 555 qui
1408 500 1474 542 uel
1495 507 1576 542 ter·
1591 512 1610 541 2

125 568 260 613 rarum
282 569 394 626 culpa
418 568 483 612 uel
505 568 660 625 pigritia
689 577 730 611 et
754 576 918 611 aeterna
950 575 1067 611 nocte
1097 567 1286 623 torpescit
1315 567 1451 622 grauis
1483 567 1579 610 hau-

125 636 321 685 rientibus
352 643 416 679 est
443 634 518 679 uel'
542 644 750 693 corruptus
780 637 1025 679 internorum
1057 635 1205 692 ignium
1237 634 1359 688 uitio,
1402 649 1491 677 cum
1517 642 1581 678 est

123 705 243 763 longo
270 704 350 747 situ
379 703 547 746 emissus
561 735 574 755 ‚
615 718 754 760 purum
777 704 880 746 hunc
902 704 1165 760 liquidumque
1187 698 1356 745 maculat
1375 716 1423 745 ac
1444 703 1580 758 polluit

121 763 398 827 insuetumque
421 768 655 814 diluentibus
680 771 860 827 spiritum
884 772 1012 814 adfert
1037 785 1140 812 noua
1161 783 1309 826 genera
1331 769 1583 822 morborum.¹

123 837 254 894 Quid,
296 838 400 894 quod
430 851 555 894 aquae
586 852 762 893 quaeque
793 838 952 880 inutiles
975 839 1283 895 pestilentesque
1304 837 1345 880 in
1368 838 1499 880 abdito
1520 839 1577 880 la-

122 913 230 959 tent,
272 912 316 948 ut
334 919 666 962 quas-numquam
689 921 784 948 usus
807 913 1024 958 exerceat,
1067 919 1276 961 numquam
1298 919 1394 947 aura
1414 905 1579 948 liberior

122 973 358 1017 euerberet?
397 987 534 1016 crassa
559 973 693 1029 itaque
717 981 756 1016 ct
774 975 888 1030 graui
910 974 1078 1030 caligine
1100 974 1416 1030 sempiternaque
1446 979 1575 1025 tectae
1593 983 1611 1009 ³

124 1041 220 1084 nibil
243 1041 320 1084 nisi
342 1035 634 1097 pestiferum'in
655 1055 701 1083 se
722 1048 764 1084 et
794 1041 1024 1098 corporibus
1055 1041 1202 1083 uostris
1237 1040 1476 1082 contrarium
1509 1041 1579 1082 ha-

80 1137 83 1139 -
125 1109 233 1152 bent.
275 1108 382 1163 ‘Aer
402 1123 556 1165 quoquc
579 1109 644 1164 qui
665 1110 812 1151 mixtus
835 1117 897 1151 est
915 1109 993 1151 illis
1017 1109 1159 1164 quique
1182 1109 1288 1150 inter
1306 1108 1394 1149 illas
1415 1108 1577 1163 paludes

122 1177 250 1229 iacet,
293 1190 380 1218 cum
403 1177 587 1229 emersit,
626 1177 704 1218 late
726 1178 862 1222 uitium
885 1187 996 1219 suum
1018 1177 1166 1233 spargit
1188 1182 1228 1217 et
1251 1175 1480 1218 haurientes
1506 1189 1578 1218 ne·

125 1237 210 1287 cat:
250 1243 404 1293 facilius
427 1251 563 1286 autem·
582 1258 726 1301 pecora
747 1245 922 1287 sentiunt
941 1244 982 1286 in
1007 1258 1104 1300 quae
1129 1243 1351 1299 pestilentia
1372 1243 1579 1286 incurrere

123 1312 226 1355 solet
245 1326 323 1367 quo
341 1310 520 1354 auidiora
540 1319 647 1353 sunt.
709 1319 846 1368 aperto
866 1313 977 1354 coelo
997 1311 1203 1367 plurimum
1223 1317 1385 1353 utuntur
1404 1317 1445 1353 et
1462 1311 1576 1367 aquis

122 1393 287 1435 quarum
315 1378 488 1420 maxima
516 1378 558 1419 iu
588 1379 814 1434 pestilentia
842 1380 956 1435 culpa
987 1387 1062 1421 est.
1124 1392 1222 1420 oues
1251 1393 1349 1420 uero
1384 1379 1610 1421 mollioriS4

122 1454 290 1495 naturae
326 1460 403 1502 quo
442 1446 625 1502 propiora
665 1447 781 1488 terris
821 1448 954 1489 ferunt
982 1446 1110 1502 capita
1139 1453 1345 1501 corruptas
1375 1459 1465 1488 esse
1496 1461 1577 1488 non

124 1514 272 1567 miror,
315 1528 404 1556 cum
436 1513 601 1556 adflatus
627 1514 732 1560 aeris
755 1515 827 1557 diri
852 1515 958 1556 circa
985 1515 1108 1571 ipsam
1136 1513 1293 1556 humum
1327 1513 1574 1570 exceperint.

124 1607 286 1638 ceniarum
322 1606 441 1638 ovium.
495 1604 589 1636 B·=
611 1603 694 1638 άυό
730 1604 760 1649 [s
785 1615 828 1637 o-
874 1607 952 1649 Ops.
977 1606 1119 1640 Θτο...
1133 1605 1224 1640 ST=
1238 1605 1344 1645 Quid,
1368 1605 1452 1645 quod
1475 1613 1578 1646 aquae

125 1649 228 1695 rann]
252 1652 371 1683 ovium.
417 1650 444 1681 B
466 1663 513 1679 ==
533 1651 569 1683 in
590 1652 756 1692 Pompeia
779 1659 828 1683 re·
872 1660 1008 1691 quoque
1030 1652 1163 1683 inutiles.
1201 1651 1234 1685 Q
1249 1672 1286 1685 0..
1299 1650 1412 1685 222-
1425 1659 1576 1691 quaeque.

124 1697 226 1737 piene.
258 1693 418 1728 P3.=in
439 1696 520 1727 illa
542 1697 677 1737 regione.
715 1695 828 1737 G(n.)
875 1697 1042 1728 B-—usus
1064 1698 1205 1727 exerceat
1231 1704 1415 1735 numquam.

130 1745 166 1780 -Ι-
182 1742 250 1774 Νοπ
273 1744 318 1773 est
340 1742 414 1773 hoc
438 1750 546 1781 quare.
591 1741 634 1772 sB
650 1740 741 1782 (ead.
766 1742 828 1782 m.)
919 1750 1003 1773 aura
1034 1742 1158 1772 liberior
1188 1749 1231 1772 ev
1242 1741 1356 1772 erberet
1377 1753 1424 1768 =
1444 1739 1491 1772 Ee
1504 1740 1575 1774 (ero

124 1789 340 1818 =tremore
363 1786 525 1818 accidisse.
550 1784 642 1829 quod
663 1785 743 1817 olim
760 1785 829 1817 val·
927 1786 974 1820 ff.
1045 1786 1068 1816 B
1085 1784 1165 1816 Brit.
1179 1786 1362 1817 =liberior
1384 1794 1468 1817 aura
1489 1794 1576 1817 ever-

125 1831 169 1864 de
192 1829 319 1874 placuit
376 1841 395 1865 e
417 1845 463 1858 =
484 1832 646 1871 timorem
669 1832 830 1863 accidisse.
874 1833 964 1863 berei.
997 1830 1118 1873 probat
1142 1829 1245 1862 Gron.
1296 1829 1326 1861 G
1345 1844 1391 1857 =
1412 1839 1576 1870 nunquam

124 1877 152 1909 Β
171 1890 217 1904 ---
238 1877 385 1909 Diximus
416 1877 513 1908 solere
540 1879 612 1917 post
634 1880 736 1908 motus
768 1879 829 1908 ter·
876 1886 897 1908 a
920 1879 1074 1908 natura
1108 1877 1234 1908 liberior
1270 1874 1334 1918 [av
1346 1884 1423 1908 ara
1453 1876 1577 1907 liberio-

125 1930 213 1955 rae.
440 1921 443 1924 “
874 1922 930 1963 re]
955 1923 1126 1953 verberet.
1174 1921 1207 1955 ἃς
1225 1935 1271 1948 =
1291 1929 1342 1952 av
1353 1929 1429 1952 ara
1452 1921 1578 1952 liberior

170 1965 204 1999 2.
237 1967 298 2002 Aer
319 1967 386 2007 ipse
409 1968 463 2007 qui
483 1980 530 1995 =
554 1966 704 1998 BEemG
723 1966 827 1998 Gron.
872 1968 1047 1999 verberet.
1088 1965 1150 2001 (ΞΛ.
1165 1988 1204 2001 ω
1217 1962 1274 2002 24.
1288 1980 1333 1994 =
1347 1975 1431 1998 aura
1453 1966 1579 1997 liberior

127 2013 212 2054 (ms)
233 2010 327 2044 Anio.
349 2011 474 2044 Tronc.
548 2011 622 2046 (ΗΒ
635 2026 681 2040 =
694 2015 739 2044 At
763 2013 829 2052 ipsc
874 2013 1046 2044 verberet.

126 2058 191 2098 qui·
241 2055 304 2092 (21.
319 2079 331 2091 0
345 2079 355 2091 0
368 2079 378 2090 .
390 2056 423 2091 R
452 2060 487 2095 -ί-
515 2058 540 2089 A
553 2059 564 2088 t
587 2065 643 2089 aer
676 2059 740 2097 ipse
764 2058 828 2097 qui.
920 2054 953 2089 3.
972 2058 1102 2089 Crasso
1117 2058 1222 2098 itaque
1234 2071 1277 2084 =
1290 2057 1327 2089 E.
1367 2081 1374 2087 .
1386 2056 1412 2087 B
1424 2070 1470 2084 =
1484 2056 1580 2088 Gras-

129 2102 236 2134 Gron.
259 2103 344 2141 (ms)
366 2105 400 2139 -Ι-
416 2103 466 2134 vel
486 2102 595 2144 quod
620 2104 761 2143 piyritia.
799 2101 830 2132 G
874 2103 910 2134 si
933 2103 1047 2142 itaque.
1097 2102 1163 2136 (ΗΞ
1228 2102 1316 2136 ,ςῗπ
1334 2102 1494 2134 Cressae
1515 2102 1579 2132 ita-

128 2149 161 2188 (s
177 2147 235 2188 ω)
259 2145 316 2180 1¹4.
333 2145 404 2179 Col.
417 2161 463 2175 ==
478 2149 642 2189 corruptus
664 2150 830 2180 aeterno-
875 2156 946 2188 que.
994 2147 1019 2177 B
1034 2148 1120 2178 -in
1142 2156 1175 2178 se
1196 2153 1273 2189 post
1294 2147 1486 2187 pestiferum.

127 2201 201 2225 rum
224 2193 347 2233 iynium
365 2193 451 2225 vitio.
478 2192 532 2223 BE
551 2191 643 2223 Fort.
657 2190 716 2224 1³3.
731 2193 764 2227 >B
780 2203 830 2223 ω.
922 2192 976 2232 qui
998 2193 1154 2223 mixtus
1186 2195 1231 2224 est
1263 2193 1326 2224 illis
1346 2205 1393 2219 =
1415 2189 1504 2223 BEG
1519 2190 1578 2223 Gr.

126 2237 154 2268 Β
174 2251 222 2266 ==
244 2246 317 2269 cum
346 2237 439 2278 longo
461 2239 523 2270 situ
545 2238 677 2268 emissus
698 2240 751 2268 est.
799 2236 830 2268 G
877 2238 909 2272 §13
920 2261 930 2272 .
941 2259 951 2270 .
964 2259 975 2271 .
989 2237 1021 2270 (5
1035 2237 1105 2270 Θτῡ
1117 2236 1187 2270 ffi‘z.
1258 2237 1303 2271 fflt
1316 2259 1354 2271 ...
1366 2236 1424 2270 24.
1437 2235 1507 2271 281.
1520 2236 1578 2270 θῖιι

127 2282 249 2324 (ιη).
269 2281 373 2326 Bong.
395 2278 454 2314 1³4.
467 2282 556 2317 §man
571 2296 615 2309 =
629 2291 702 2315 cum
724 2291 740 2314 e
764 2283 831 2313 lon·
877 2282 910 2316 St*
932 2296 978 2309 =
998 2283 1052 2323 qui
1076 2282 1266 2314 admixtus
1293 2285 1336 2313 est
1357 2282 1431 2313 illis.
1481 2280 1511 2312 G
1534 2295 1579 2308 =

126 2337 167 2369 ρο
194 2329 258 2360 situ
279 2330 411 2360 emissus
433 2330 478 2359 est
513 2326 559 2370 (G
573 2337 669 2370 .p.m.
698 2344 741 2351 —
761 2326 831 2367 est).
878 2328 1000 2368 spargit
1022 2329 1050 2358 et
1073 2327 1328 2358 advenientes
1350 2329 1462 2366 negat
1479 2325 1508 2369 (s
1526 2334 1580 2357 ne-

130 2372 277 2415 probaut
299 2373 426 2415 Opsop.
442 2371 539 2403 Grut.
585 2371 690 2406 ἓςὲὃῖ,
702 2386 747 2398 =
761 2380 833 2402 cum
877 2374 952 2410 cat).
1205 2406 1210 2411 ,

129 2426 144 2450 e
167 2418 259 2458 longo
292 2418 355 2449 situ
387 2418 517 2448 emissus
550 2426 616 2448 om.
644 2420 697 2447 est.
747 2414 830 2447 Cod.
923 2414 956 2447 4.
980 2416 1028 2447 Ee
1050 2429 1094 2442 =
1115 2417 1196 2448 Oves
1218 2425 1291 2449 vero
1313 2416 1466 2448 melioris
1488 2418 1582 2447 natu·

130 2463 210 2505 Ops.
227 2476 274 2490 =
294 2470 366 2494 cum
386 2463 478 2502 longo
501 2461 535 2492 si
545 2471 565 2493 n
577 2471 598 2492 u
621 2462 751 2492 emissus
775 2463 830 2493 est.
878 2470 944 2493 rae.

130 2507 157 2540 E
170 2505 227 2539 1²3.
245 2505 316 2538 Col.
334 2517 386 2537 ω.
436 2508 459 2537 B
471 2507 586 2546 (mm)
603 2522 639 2530 —
652 2506 733 2537 hunc
756 2511 834 2536 aute
927 2506 1105 2547 corruptas
1136 2515 1199 2538 esse
1232 2516 1295 2539 non
1316 2507 1414 2538 miror
1434 2520 1481 2534 =
1499 2504 1581 2537 EeG

130 2553 356 2594 liquidumque.
404 2551 447 2589 Β(
452 2552 561 2591 crum)
573 2565 617 2578 =
630 2551 652 2582 d
661 2552 836 2583 ocentibus.
884 2550 972 2595 (Gr.)
996 2553 1028 2586 23
1042 2574 1081 2586 ...
1093 2550 1151 2586 84.
1228 2552 1253 2582 B
1266 2566 1312 2579 =
1324 2561 1385 2592 quo
1410 2561 1491 2591 prop
1501 2561 1518 2582 r
1528 2552 1538 2582 ι’
1548 2560 1582 2582 o-

131 2597 182 2630 sG
193 2612 237 2625 ==
250 2598 397 2638 spiritum
416 2597 497 2636 affer
508 2606 523 2629 e
531 2600 552 2628 t.
881 2606 921 2630 ra
943 2598 1033 2629 terris
1056 2598 1163 2637 capita
1194 2607 1263 2630 corr
1271 2600 1365 2638 eptas
1388 2606 1451 2628 esse
1474 2597 1582 2628 miror.

179 2643 264 2683 Quid
276 2665 287 2682 ,
317 2643 401 2683 quod
424 2650 527 2681 aquae
549 2651 568 2682 q
578 2651 599 2672 u
608 2650 629 2672 a
639 2650 654 2673 e
665 2650 684 2681 q
694 2650 715 2672 u
726 2650 741 2673 e
764 2642 837 2673 inu-
883 2642 979 2674 Grut.
1004 2640 1044 2673 ci.
1066 2643 1137 2676 (ὃτι)
1148 2665 1159 2676 .
1172 2665 1183 2678 0
1196 2666 1207 2677 .
1219 2642 1252 2677 5?
1261 2656 1307 2670 =
1322 2650 1392 2673 corr
1402 2644 1497 2681 eptas
1520 2649 1584 2673 esse

133 2689 201 2720 tiles
221 2701 266 2715 =
290 2687 326 2718 E.
400 2687 423 2718 B
432 2700 478 2714 =
498 2687 583 2726 Quid
606 2687 690 2726 quod
713 2695 733 2717 α
742 2696 761 2726 q
771 2687 811 2717 ui
824 2704 852 2718 -.
882 2697 945 2719 non
967 2688 1075 2719 miror.
1124 2687 1229 2719 Gron.
1256 2685 1358 2719 tradit
1385 2691 1517 2718 tautum
1548 2684 1582 2717 in

134 2734 145 2764 1
155 2742 177 2765 a
187 2741 202 2765 e
238 2730 297 2776 [m
316 2733 409 2772 aliq
417 2742 439 2764 u
449 2741 471 2763 a
480 2730 519 2775 e]
554 2741 596 2773 qu
606 2741 624 2763 o
633 2740 692 2771 que
714 2732 839 2763 inutiles
884 2730 966 2764 Brit.
992 2730 1058 2774 legi
1082 2742 1152 2764 corr
1162 2736 1264 2773 eptas.

134 2787 156 2810 a
165 2780 177 2810 t
186 2787 205 2818 q
213 2787 236 2809 u
244 2786 260 2810 e
281 2779 466 2818 pestilentes.
502 2773 562 2809 1³4.
574 2791 619 2804 =
631 2786 650 2816 q
660 2786 682 2807 u
692 2778 703 2807 i
712 2786 728 2809 c
736 2786 755 2816 q
765 2786 786 2807 u
796 2776 839 2808 id
929 2786 1002 2809 cum
1023 2778 1125 2819 adflat
1136 2788 1157 2809 u
1167 2787 1182 2809 s
1205 2779 1288 2809 aeris
1310 2778 1373 2810 diri
1385 2791 1430 2805 =
1443 2776 1527 2808 BEe.

131 2831 239 2864 aquae
260 2824 321 2855 est
343 2823 524 2856 invales.
550 2820 641 2854 GP3.
656 2820 728 2853 Col.
740 2820 838 2854 codd.
885 2821 984 2858 58031.
1000 2835 1045 2850 =
1061 2832 1132 2855 cum
1154 2824 1269 2863 [latu
1281 2832 1296 2855 s
1318 2823 1382 2855 diri
1404 2823 1495 2855 aeris.
1522 2820 1585 2856 (ξῖ.

203 2875 342 2905 Senecae
360 2884 408 2913 op.
428 2875 476 2904 ed.
497 2875 619 2903 Fickert
638 2874 690 2903 ΙΙΙ.
1022 2885 1025 2887 ·
1243 2867 1298 2912 43
