1812 3184
294 181 377 224 620
748 180 791 220 L.
822 180 1019 221 ΑΝΝΑΕΙ
1050 181 1278 223 SENECAE

292 292 398 335 riore
427 299 637 335 terrarum.
696 291 791 334 Non
813 299 897 334 tota
914 293 1039 335 solido
1064 300 1252 336 contextu
1273 302 1379 337 terra
1391 295 1439 337 -in
1458 295 1723 350 immuusqua

293 361 496 414 fundatur,
529 361 597 403 sed
623 360 754 402 multis
776 360 950 416 partibus
972 374 1068 403 caua
1606 375 1610 378 ⁴

635 433 675 470 et
704 429 862 470 caecis
873 441 1095 484 suspensa
1110 429 1268 471 latebr
1253 443 1300 471 ιε.

291 495 433 537 alicubi
453 495 601 536 habet
591 496 721 537 mania
744 495 830 538 sine
860 496 1037 538 humore.
1097 495 1156 538 lbi
1179 497 1295 539 etiam
1316 497 1350 538 si
1372 497 1478 539 nulla
1495 498 1571 544 lux
1587 498 1724 541 ‹tisori-

291 577 381 605 men
410 563 512 604 aeris
542 570 754 616 monstrat,
791 563 922 605 -dicam
943 571 1073 606 tamen
1094 564 1217 606 nubes
1233 564 1507 620 »nebulasque
1495 578 1536 607 m
1559 565 1726 620 obscuro

257 642 275 671 2
292 631 525 672 consistere.
583 629 689 672 Nam
715 644 766 672 ne
794 630 868 672 hae
895 631 1049 686 quidem
1079 645 1197 687 super
1226 638 1376 684 terras,
1420 632 1511 686 quia
1530 632 1726 690 aidanum

266 730 269 735 .
292 705 406 750 sunt,
451 698 521 739 sed
542 697 633 753 quia
656 705 748 739 sunt
762 730 773 750 ,
815 698 1011 740 uidentur.
1048 749 1051 753 ᾖ
1071 697 1156 740 Illic
1177 699 1600 754 quoquonihilominus
1617 699 1674 742 ob*
1687 700 1724 742 id

291 771 398 816 sunt,
431 766 531 819 quod
555 780 633 806 non
653 765 849 807 uidentur.
911 765 1091 807 Flumina
1113 766 1191 807 illic
1214 766 1316 808 scias
1337 766 1429 808 licet
1443 767 1596 808 'nostris
1618 767 1726 823 par-ia

291 832 467 884 sublabi,
501 833 578 874 alia
601 833 743 874 leniter
765 834 878 875 ducta
892 865 903 886 ,
935 833 1011 874 alia
1029 833 1069 874 in
1090 833 1332 889 confragosis
1354 833 1452 875 locis
1471 833 1726 889 praecipitan-

291 900 340 940 do
364 900 559 941 sonantia.
623 898 726 954 Quid
750 902 874 955 ergo?
903 915 983 941 non
1003 901 1095 941 illud
1120 914 1245 955 aeque
1269 900 1378 941 dabis
1402 912 1492 942 esse
1515 901 1671 956 aliquos
1687 908 1728 942 et

257 977 273 1003 3
291 966 363 1007 sub
387 974 494 1008 terra
512 967 619 1008 lacus
643 973 683 1008 et
706 968 892 1021 quasdam
914 981 1036 1021 aquas
1058 966 1143 1008 sine
1164 966 1274 1008 exitu
1293 968 1503 1021 stagnare?
1532 975 1535 978 '
1557 965 1675 1021 Quae
1693 967 1728 1009 si

290 1033 343 1074 ita
363 1040 478 1085 sunt,
511 1046 677 1074 necesse
701 1040 763 1074 est
784 1041 824 1074 et
843 1034 952 1085 illud,
988 1047 1081 1074 aera
1103 1033 1259 1074 onerari
1280 1040 1560 1089 oneratumque
1578 1025 1728 1076 incum-

291 1100 384 1141 bere
410 1107 451 1141 et
472 1108 632 1142 uentum
654 1101 839 1156 propulsu
860 1115 931 1142 suo
953 1101 1167 1142 concitare.
1227 1099 1295 1141 Ex
1314 1100 1508 1157 illisergo
1529 1101 1728 1143 subterra-

291 1167 378 1208 neis
411 1167 578 1208 nubibus
610 1168 778 1210 sciemus
804 1168 944 1209 nutriri
970 1168 1075 1209 inter
1098 1168 1266 1210 obscura
1289 1168 1436 1219 flatus.
1469 1175 1727 1210 oumtantum

290 1235 431 1276 uirium
454 1236 632 1276 fecerunt
653 1242 795 1290 quanto
818 1243 884 1277 aut
907 1242 1039 1277 terrae
1060 1235 1259 1277 obstantia
1282 1235 1554 1287 auferantkaut
1573 1235 1727 1291 aliquod

292 1309 467 1357 apertum
489 1303 536 1343 ad
557 1302 627 1344 hos
655 1303 804 1344 efflatus
829 1303 906 1344 iter
930 1310 1121 1358 occupent
1149 1309 1188 1344 et
1217 1316 1287 1358 per
1318 1303 1418 1343 hanc
1450 1315 1658 1344 canet-nam
1685 1303 1726 1344 in

256 1376 447 1410 4nostras
476 1370 590 1410 sedes
624 1370 852 1411 efferantur.
921 1368 1019 1410 Illud
1052 1383 1147 1410 uero
1178 1369 1424 1410 manifestum
1456 1376 1516 1411 est
1541 1375 1725 1426 'magnam

292 1450 382 1478 esse
405 1437 477 1477 snb
504 1437 618 1477 terris
648 1437 725 1477 uim
756 1436 950 1491 sulphuris
973 1444 1012 1478 et
1032 1437 1196 1478 aliorum
1220 1450 1298 1477 non
1321 1435 1448 1477 minus
1470 1436 1726 1492 ignem'alen-

290 1503 401 1545 tium.
462 1502 542 1545 Per
570 1504 667 1544 haec
696 1504 781 1544 loca
811 1518 896 1544 cum
929 1518 972 1545 se
1003 1504 1374 1558 exitumquaerens
1404 1503 1563 1558 spiritus
1594 1504 1724 1557 torsit,

290 1565 476 1613 accendat
497 1572 687 1612 flammam
709 1571 794 1626 ipso
821 1571 986 1612 adfrictu
1008 1568 1173 1612 necesse
1197 1577 1284 1612 est.
1308 1569 1466 1612 deiude
1487 1571 1649 1613 flammis
1669 1571 1726 1613 la-

334 1652 402 1683 Non
425 1654 489 1683 tota
522 1652 602 1682 solid
613 1660 629 1681 ο
664 1653 806 1681 contextu
833 1664 879 1678 =
900 1649 987 1682 BEG

291 1695 381 1728 Pinc.
392 1707 426 1728 v.
439 1695 461 1727 l.
486 1694 543 1726 Gr.
556 1694 654 1729 2351.
667 1695 756 1728 Ἦίαη
769 1695 839 1729 (83Υο
852 1718 891 1729 ...
904 1695 949 1729 R.

292 1740 354 1775 (322.
367 1762 405 1775 ..0
418 1740 474 1775 24.
487 1754 533 1767 =
543 1749 605 1772 non
617 1742 681 1771 tota
701 1741 781 1772 solid
793 1749 812 1771 a
836 1743 988 1773 contextu.

290 1784 350 1818 P3.
362 1800 407 1813 =
418 1789 478 1818 terr
489 1795 509 1816 a
517 1795 560 1817 m.

336 1833 370 1864 in
404 1833 457 1863 im
468 1841 490 1862 u
499 1840 531 1861 m
572 1839 669 1870 usque
701 1831 854 1870 fundatur
873 1844 919 1858 =
940 1831 988 1862 Ee

291 1875 382 1909 Pine.
405 1887 436 1908 v.
456 1875 479 1907 l.
505 1874 575 1907 Col.
588 1875 645 1909 {Ru
654 1875 699 1910 R.
772 1875 830 1907 BG
840 1874 899 1908 P3.
915 1874 986 1907 col.

292 1923 326 1956 Q
338 1944 348 1955 .
363 1944 374 1956 .
386 1943 398 1955 0
415 1920 484 1955 232.
497 1935 541 1947 =
554 1921 587 1951 in
610 1929 658 1951 un
670 1930 730 1951 um
752 1930 848 1960 usque
870 1922 987 1961 funda-

292 1970 352 2000 tur.
399 1964 493 1997 Ovid.
509 1965 570 2007 (M.
583 1965 608 2003 Ι,
621 1963 713 2007 388.)
726 1979 772 1992 =
782 1967 881 2001 caecis
890 1963 919 1997 ‘o
930 1967 947 1996 b
956 1974 987 1996 s-
1024 1972 1027 1973 ’

686 2024 732 2038 ==
742 2012 841 2042 caecis
858 2019 987 2050 suspen-
1032 2032 1043 2044 .
1056 2032 1067 2045 0
1082 2032 1093 2044 0

293 2020 396 2044 cura
419 2012 552 2041 latebris.
609 2008 672 2044 GQS

293 2057 354 2087 sis
378 2057 512 2086 latebris.
536 2054 565 2084 G
579 2068 622 2080 =
635 2056 715 2086 alib
727 2057 737 2086 i
759 2056 849 2086 habet
865 2056 986 2086 inania.

293 2101 327 2134 §23
347 2114 391 2127 =
413 2100 533 2130 alicui
556 2099 643 2129 habel
665 2101 786 2131 inania.
835 2099 863 2129 G
878 2099 985 2138 (s.m.)

292 2162 336 2168 —
360 2145 425 2175 sine
448 2147 525 2173 ante
548 2143 684 2174 humore.
734 2143 763 2173 G
776 2144 839 2183 (cr.
856 2144 912 2181 ω)
926 2143 984 2173 Gr.

293 2187 374 2224 §Bffl
383 2210 394 2222 .
405 2202 450 2215 =
461 2188 625 2219 discrimen
657 2189 739 2219 aeris
760 2190 877 2218 ‘monstr
886 2196 906 2217 a
914 2196 931 2218 r
940 2195 954 2217 e
965 2189 985 2217 t.

337 2231 370 2264 2.
396 2233 448 2264 BE
461 2230 559 2266 Qffl.
571 2245 617 2258 =
630 2233 712 2263 Nam
733 2241 771 2263 ne
794 2233 814 2263 h
826 2240 869 2263 ae
879 2241 894 2263 c
917 2232 986 2271 qui-

292 2279 372 2310 dem.
419 2277 448 2308 G
461 2291 506 2304 =
517 2278 598 2308 Nam
620 2285 657 2308 ne
681 2278 752 2308 hoc
775 2277 909 2316 quidem.

337 2332 396 2363 sup
407 2331 421 2354 e
432 2332 449 2354 r
471 2325 621 2353 terras=
633 2321 709 2356 EQ.
778 2320 837 2352 BG
849 2319 912 2356 al.
927 2342 937 2354 .
951 2342 961 2353 .

293 2369 325 2403 ,ςῗ
338 2382 382 2395 =
394 2377 452 2407 sup
464 2377 480 2398 r
490 2375 511 2397 a
534 2369 642 2398 terras.
690 2367 714 2397 B
727 2380 771 2392 =
782 2367 987 2397 Nihilominus

292 2414 354 2445 illic
377 2420 504 2453 quoque.
539 2421 558 2442 e
569 2412 688 2442 =illic
704 2419 823 2451 quoque
844 2411 909 2442 nil
927 2411 988 2441 mi-

293 2468 362 2490 nus.
410 2456 441 2487 G
452 2457 485 2491 ⁵23
507 2470 552 2483 =
572 2457 639 2493 Illic
662 2465 780 2496 quoque
802 2457 835 2487 ni
845 2456 905 2486 hil
927 2455 987 2486 mi-

292 2513 361 2535 nus.
388 2503 411 2533 B
424 2503 514 2533 ==0b
531 2502 604 2532 hoc
632 2501 661 2542 [s
685 2501 779 2540 non]
796 2503 867 2531 sunt
889 2501 987 2538 quia

292 2557 354 2580 non
376 2548 530 2579 videntur.
580 2545 608 2576 G
622 2559 667 2572 =
682 2547 718 2576 ob
741 2546 775 2576 id
798 2546 882 2575 sint
905 2545 987 2583 quod

292 2603 354 2624 non
366 2593 519 2624 videntur.
552 2591 600 2622 Ee
612 2590 669 2622 Gr.
680 2591 712 2624 §23
725 2612 762 2623 ...
777 2588 839 2623 (ξῖ.
851 2603 896 2616 ---
905 2589 988 2629 quod

292 2647 354 2668 non
375 2637 519 2668 videntur
536 2636 677 2677 flumina.
710 2636 776 2667 Illic
795 2635 886 2666 scias.
927 2632 986 2664 BG

291 2680 381 2712 Pinc.
397 2692 429 2712 V.
443 2680 465 2711 l.
483 2692 533 2712 co.

337 2727 404 2756 alia
426 2727 550 2757 leniter
571 2726 665 2757 ducta
687 2739 733 2752 =
758 2724 840 2755 ssEe.
910 2723 984 2758 1}ae

294 2791 334 2805 ω
346 2769 379 2804 R
389 2783 433 2797 =
445 2772 511 2801 alia
540 2771 659 2802 leviter
682 2771 787 2803 ducta.
835 2768 865 2801 G
877 2769 984 2809 (s.m.)

293 2815 382 2847 —in
405 2819 481 2846 ante
503 2816 705 2855 confragosis.
750 2814 926 2847 sG==non
948 2814 986 2845 il-

1033 1651 1087 1682 lud
1110 1659 1206 1690 aeque
1231 1651 1413 1683 dabitur.
1462 1650 1485 1682 B
1502 1663 1549 1679 ==
1567 1659 1630 1683 esse
1664 1652 1725 1683 ali-

1032 1705 1109 1736 quos
1133 1698 1159 1727 et
1182 1696 1238 1726 sub
1263 1698 1345 1727 terra
1370 1696 1494 1728 lucos.

1077 1738 1110 1772 3.
1145 1739 1231 1771 G=
1247 1740 1360 1779 Quod
1381 1740 1443 1781 [cr.
1457 1738 1510 1783 ω]
1536 1741 1565 1772 si
1585 1741 1632 1772 ita
1652 1744 1724 1773 sunt

1031 1794 1149 1817 necesse
1173 1788 1216 1816 est
1239 1788 1265 1816 et
1290 1783 1348 1827 [est
1370 1787 1398 1816 et
1418 1783 1452 1816 iu
1472 1783 1538 1826 lit.]
1554 1786 1644 1817 illud.
1675 1785 1723 1817 Ee

1034 1847 1075 1854 -
1098 1833 1141 1862 est
1162 1835 1240 1871 post
1260 1838 1388 1861 necesse.
1436 1831 1470 1864 §B
1493 1843 1539 1857 .—-—=
1559 1830 1668 1870 quod
1696 1830 1725 1862 si

1031 1877 1076 1907 ita
1099 1877 1180 1914 sunt,
1202 1883 1321 1906 necesse
1345 1876 1373 1905 et
1394 1875 1483 1908 illud.
1508 1875 1630 1906 13=et
1647 1883 1723 1907 ven-

1033 1923 1074 1952 tu
1096 1921 1259 1959 provisu
1281 1928 1337 1950 suo
1359 1921 1521 1951 concitare.

1075 1966 1125 1996 Ex
1147 1965 1210 1996 illis
1232 1969 1305 2004 ergo·
1329 1964 1534 1996 subterraneis
1552 1978 1598 1998 --,-
1618 1963 1646 1995 Ε
1659 1963 1721 1998 ffl.

1107 2007 1242 2044 ffiloffiu
1253 2008 1298 2044 ff·
1368 2007 1427 2039 BG
1441 2008 1499 2040 Gr·
1524 2007 1593 2043 ffi2'u
1613 2011 1648 2046 Ἰ-
1674 2010 1724 2041 Et

1031 2064 1070 2087 ex
1091 2056 1154 2086 illis
1188 2063 1260 2094 ergo
1293 2054 1509 2086 subterraneis.
1555 2054 1589 2088 913
1609 2068 1656 2082 =
1675 2055 1724 2085 Et

1032 2100 1164 2131 exilis
1187 2107 1259 2138 erqo
1281 2099 1361 2129 subt.

1076 2153 1147 2175 cum
1169 2145 1291 2174 tantum
1309 2143 1423 2173 virium
1445 2143 1700 2182 fecerunt=E.

1032 2187 1091 2218 BG
1103 2188 1135 2220 §23
1149 2207 1187 2221 ψ
1201 2186 1287 2219 R=
1299 2195 1369 2217 cum
1397 2189 1517 2218 tantum
1540 2188 1657 2219 viritim
1677 2188 1722 2227 Ῑε-

1030 2233 1153 2264 cerinl.
1213 2230 1237 2260 B
1259 2244 1303 2256 =
1322 2233 1500 2269 quantum
1536 2234 1592 2262 aut
1624 2234 1723 2264 terrae

1031 2276 1303 2308 abstinentia
1334 2275 1491 2314 auferat.
1530 2275 1579 2306 sG
1599 2289 1645 2304 =
1667 2280 1723 2308 aut

1030 2324 1130 2353 terrae
1153 2320 1356 2351 obstantiam
1377 2319 1532 2359 auferant.
1566 2321 1655 2355 ῆς-
1668 2324 1724 2353 aut

1030 2371 1108 2397 ante
1130 2354 1267 2404 aliquod.
1302 2363 1383 2394 E=
1395 2366 1451 2395 aut
1473 2365 1610 2405 aliquid
1632 2374 1726 2405 aper-

1031 2414 1107 2442 tum.
1155 2410 1234 2440 B=
1255 2411 1312 2440 aut
1336 2409 1465 2448 aliquod
1487 2413 1629 2450 apertum
1648 2418 1724 2451 per

1031 2456 1152 2496 quod.

1077 2501 1227 2540 efflatus
1246 2512 1292 2526 =
1316 2497 1422 2529 BEeG
1442 2497 1500 2531 1³3.
1514 2497 1546 2532 4.
1571 2500 1653 2535 33..
1666 2500 1722 2534 ,Θ

1033 2545 1103 2579 (sto
1117 2566 1155 2579 η.
1168 2544 1213 2578 R.
1286 2541 1413 2574 Col.=
1431 2544 1475 2575 ad
1497 2545 1720 2586 hocflatus.

1033 2590 1114 2624 SR.
1118 2585 1199 2623 ..ss-²}
1213 2589 1319 2619 =ad
1341 2588 1396 2620 hos
1423 2589 1589 2629 afflatus.
1612 2600 1613 2603 ¹

1074 2633 1106 2666 4.
1130 2634 1178 2665 sG
1194 2637 1228 2672 -ἱ-
1243 2633 1401 2672 sulphuris
1421 2633 1459 2665 et'
1474 2635 1609 2666 aliorum
1629 2643 1722 2666 cor-

1027 2689 1050 2719 p
1062 2689 1079 2711 o
1089 2689 1133 2711 ru
1143 2689 1185 2710 m.
1233 2677 1413 2719 G(soe)—
1425 2679 1553 2718 spiritus
1566 2683 1645 2710 ante
1657 2681 1720 2711 tor-

1031 2725 1080 2756 sit.

1073 2770 1143 2808 ipso
1165 2769 1416 2809 adfrictu=
1427 2767 1538 2800 Nicot.
1560 2768 1664 2802 Θτο..
1667 2767 1721 2801 ..ἦ

1034 2813 1168 2857 (aar).
1249 2813 1275 2845 B
1295 2826 1340 2841 =
1360 2813 1428 2853 ipso
1457 2814 1614 2845 attritu.
1659 2810 1720 2844 EG
