1812 3184
560 697 650 741 AD
702 695 1063 742 SERENUM

101 798 221 850 NEC
254 800 544 850 lNlfflilAM
578 801 696 848 NEC
734 800 1191 848 CONTUMELIAM
1225 799 1527 848 ACCIPERE

339 903 343 905 ·
433 895 439 899 ·
633 880 995 928 SAPIENTEM.

172 1032 234 1100 2'1.
277 1036 459 1101 Tantum
484 1050 591 1092 intex-
615 1048 799 1103 Stoicos,

834 1048 1015 1104 Serene,
1048 1055 1089 1091 et
1116 1055 1273 1091 ceteros
1302 1043 1536 1106 sapientiam

87 1117 288 1174 professos
306 1116 503 1159 iuteresse
521 1125 706 1177 quantum
726 1118 833 1160 inter
855 1118 1020 1160 feminas
1042 1124 1083 1159 et
1099 1131 1231 1158 mares
1253 1131 1332 1158 non
1353 1117 1537 1158 inmerito

87 1184 279 1236 dixerim,
311 1198 399 1226 cum
420 1192 585 1240 utraque
605 1185 716 1227 turha
738 1186 787 1227 ad
805 1186 910 1227 uitae
932 1185 1164 1227 societatem
1184 1184 1423 1230 tantumdem
1443 1199 1538 1226 con-

89 1251 213 1304 serat,
242 1251 312 1302 sed
334 1251 457 1292 altera
478 1265 567 1307 pars
590 1253 637 1293 ad
663 1253 980 1307 obsequendum,
1013 1252 1138 1302 altera
1160 1251 1327 1307 imperio
1349 1259 1439 1292 nata
1463 1252 1531 1293 sit.

87 1315 232 1376 Ceteri·
250 1318 450 1375 sapientes
479 1319 649 1360 molliter
678 1326 718 1361 et
746 1320 912 1372 blande,
950 1326 994 1360 ut
1016 1320 1102 1360 fere
1126 1318 1333 1360 domestici
1360 1325 1400 1359 et.
1423 1319 1534 1360 sami-

130 1409 182 1442 Aa
202 1410 356 1450 Serenum
375 1419 431 1442 nec
460 1411 614 1445 iniuriam
636 1419 692 1442 nec
715 1419 789 1443 con-

87 1452 251 1486 tumetiam
273 1455 413 1495 occipere
436 1456 608 1495 sapientem
618 1469 663 1482 =
679 1456 719 1486 A.

88 1499 118 1531 V
127 1500 279 1532 =Lucii
299 1501 393 1532 annei
415 1501 528 1532 Senece
546 1510 574 1531 ·c
586 1509 603 1531 ο
613 1502 658 1533 rd
669 1511 691 1532 u
701 1502 718 1531 b
729 1510 790 1533 en·

90 1545 163 1577 sic.
211 1545 330 1584 Quod
351 1546 396 1577 in
420 1546 602 1584 Sapientem
623 1555 702 1578 non
726 1556 742 1577 c
753 1554 790 1576 a-

90 1590 113 1621 d
122 1591 155 1622 it
176 1591 216 1622 ir
225 1598 249 1621 a
269 1599 315 1622 ne
325 1599 344 1630 q
355 1599 376 1622 u
386 1599 402 1622 e
424 1590 611 1622 contumelia
640 1592 716 1623 liber
738 1592 790 1623 In-

90 1635 168 1675 cipit
197 1635 242 1666 ad
276 1635 438 1667 Serenum.
484 1635 511 1666 B
533 1649 580 1662 =
601 1636 695 1667 Liber
725 1645 791 1667 se-

91 1689 109 1712 c
117 1689 140 1711 u
147 1680 200 1712 nd
209 1689 231 1711 u
240 1689 257 1711 s
289 1681 384 1712 onnei
415 1680 527 1711 Senece
563 1681 608 1711 ad
641 1681 792 1712 Serenum

91 1733 235 1764 quomo
245 1725 294 1756 do
327 1725 371 1756 in
399 1725 579 1763 saptentem
611 1735 633 1756 n
643 1734 658 1756 e
669 1734 685 1756 c
708 1726 792 1756 iniu-

91 1770 144 1800 ria
176 1779 198 1800 n
209 1778 224 1800 e
234 1779 251 1800 c
285 1770 472 1804 contumelia
506 1779 522 1800 c
531 1770 581 1800 ad
591 1771 602 1800 i
613 1772 634 1801 t.
693 1769 724 1800 G
744 1783 792 1796 =

92 1814 230 1854 Explicit
249 1814 327 1845 liber
342 1815 467 1853 primus
488 1815 533 1845 ad
554 1816 708 1846 lucilium.
741 1816 793 1846 In-

90 1859 170 1899 cipit
200 1859 278 1890 liber
310 1859 526 1891 secundus
560 1860 605 1889 ad
641 1860 794 1899 Serenum

89 1912 112 1944 <1
120 1912 144 1935 ιι
152 1912 171 1935 o
182 1912 216 1935 m
226 1912 244 1935 o
252 1903 274 1934 d
283 1912 302 1934 o
328 1904 341 1934 i
347 1913 369 1935 n
392 1904 572 1943 Sapientem
594 1913 650 1935 nec
671 1905 792 1935 iniuria

90 1957 148 1980 nec
179 1949 366 1980 contumelia
399 1958 415 1980 c
426 1957 448 1980 a
459 1949 480 1980 d
491 1949 502 1979 i
512 1951 534 1980 t.
583 1949 622 1980 In
655 1946 790 1979 summis

90 1991 220 2036 paginis
242 1993 270 2024 B
294 1998 328 2024 et
353 1993 383 2024 G
405 1992 495 2025 hunc
527 1991 649 2025 librum
682 2003 792 2026 secun-

91 2039 171 2071 dum
203 2038 244 2070 dc
272 2039 478 2070 Providentia
510 2037 634 2070 dieunt.
692 2039 722 2070 D
744 2052 791 2066 =

93 2081 188 2121 Ancy
229 2084 304 2115 lucii
346 2084 644 2116 cordubensis
687 2093 791 2116 senece

92 2136 114 2167 q
127 2128 303 2159 uomodo
324 2129 368 2159 in
390 2129 536 2168 sapiente
557 2138 637 2161 non
666 2139 682 2160 c
695 2130 791 2160 adit

93 2173 214 2204 irum-ia
244 2181 300 2205 nec
332 2175 529 2205 contumelia.
543 2194 546 2198 ·
573 2175 684 2214 Incipit
716 2175 793 2205 liber

92 2218 310 2249 secundus
344 2219 391 2250 de
422 2220 710 2258 providentia
741 2219 791 2250 Ad

93 2262 256 2294 serenum.
289 2263 493 2303 E=Incipit
513 2265 732 2296 secundus
747 2264 792 2294 ad

92 2315 236 2342 serenum
275 2317 294 2347 q
305 2317 327 2339 u
336 2317 353 2340 ο
363 2317 394 2339 m
406 2318 424 2339 o
434 2309 456 2340 d
467 2318 485 2340 o
527 2310 572 2340 in
619 2310 793 2348 sapientem

93 2361 116 2384 n
124 2361 143 2383 o
151 2361 174 2384 n
206 2361 222 2384 c
234 2361 256 2383 a
263 2353 286 2384 d
294 2354 325 2384 it
355 2354 476 2385 iniuria
503 2362 563 2385 nec
594 2355 792 2386 contumelio.

93 2395 200 2439 Bong.
222 2411 269 2424 =
292 2398 509 2437 Quomodo
542 2400 586 2430 in
609 2400 791 2438 sapien-

94 2443 131 2474 te
139 2451 174 2474 m
194 2448 250 2474 nec
270 2443 390 2474 iniuria
421 2452 477 2475 nec
500 2445 687 2475 contumelia
718 2453 734 2475 c
744 2452 791 2474 a·

94 2486 180 2519 dot.
236 2485 373 2519 P2.=
395 2488 508 2539 Incipit
549 2488 790 2520 Secundus

95 2533 301 2570 quomodo
341 2541 400 2572 sap
412 2533 450 2564 ie
462 2542 511 2564 ns
544 2542 601 2565 nec
631 2535 675 2565 in
707 2534 792 2565 iniu-

93 2576 180 2606 riam
201 2577 332 2607 cadit.
378 2575 493 2608 P3.—-
448 2591 494 2604 =
506 2579 618 2617 Incipit
638 2587 792 2609 secun-

96 2619 120 2651 d
128 2629 150 2651 u
159 2629 187 2652 s.
233 2629 252 2660 q
261 2630 283 2651 u
292 2630 310 2652 o
321 2621 343 2651 d
365 2621 484 2652 iniuria
505 2631 525 2652 v
535 2631 550 2652 e
562 2623 572 2652 1
607 2623 792 2653 contumelia

96 2668 175 2696 non
191 2665 357 2697 ,cadunt
380 2665 420 2696 in
443 2666 623 2705 sapientem.
671 2663 730 2697 1³4.
745 2679 792 2692 -—-·

96 2709 209 2749 Incipit
230 2711 445 2742 secundus
477 2711 525 2741 de
555 2711 767 2742 Providen
780 2728 794 2733 -

98 2755 172 2786 tia.
206 2763 226 2794 q
237 2763 260 2786 u
269 2763 352 2786 omo
361 2756 383 2786 d
392 2764 409 2785 ο
432 2755 474 2786 in
486 2756 666 2794 sapientem
679 2764 734 2786 nec
748 2756 795 2786 in-

98 2799 184 2831 iuria
204 2808 260 2831 nec
278 2800 466 2831 contumelia
487 2809 503 2831 c
516 2809 536 2830 a
547 2801 569 2831 d
579 2801 589 2830 i
600 2803 620 2830 t.
670 2798 741 2830 Col.
750 2813 797 2826 =

98 2844 212 2884 Incipit
230 2845 309 2876 tiber
329 2845 366 2876 L.
382 2846 502 2877 Annaei
525 2846 659 2876 Senecae
671 2854 680 2876 .·
705 2854 722 2885 (1
734 2855 754 2877 u
763 2854 797 2878 o-

168 2896 305 2926 Senecae
323 2906 371 2934 op.
391 2897 438 2944 ed.
456 2898 580 2926 Fickert
598 2898 652 2927 nt.

833 1420 893 1443 mo
905 1411 956 1443 do
990 1411 1033 1441 in
1067 1411 1240 1449 sapientem
1259 1418 1317 1442 nec
1338 1410 1457 1441 iniuria
1479 1419 1536 1442 nec

834 1457 1023 1489 contumelia
1044 1464 1059 1486 c
1069 1464 1089 1486 a
1101 1456 1144 1486 di
1156 1457 1177 1486 t.
1218 1455 1289 1486 Ort.
1299 1468 1346 1481 =
1357 1455 1469 1493 Incipit
1489 1456 1535 1485 li-

835 1503 977 1533 bellus
990 1502 1125 1532 Senecae
1145 1500 1193 1531 de
1214 1501 1472 1531 constantia
1490 1509 1535 1531 a-

834 1547 940 1578 nimi
971 1546 1190 1585 sapientis
1219 1546 1332 1584 viri,
1377 1545 1421 1575 ad
1445 1545 1535 1576 Sere-

834 1601 921 1623 num.
968 1590 1001 1624 §tt
1015 1613 1025 1624 .
1039 1613 1050 1624 .
1064 1613 1074 1624 .
1091 1588 1155 1624 (ξῙ.
1176 1604 1223 1617 =
1245 1591 1337 1621 Lucii
1358 1590 1458 1621 Annei
1479 1590 1535 1621 Se-

834 1645 929 1668 necae
951 1636 1000 1667 Ad
1024 1636 1176 1667 Serenum
1193 1635 1287 1666 Liber
1309 1635 1332 1666 S
1342 1643 1357 1665 e
1368 1644 1384 1665 c
1395 1644 1415 1665 u
1425 1645 1447 1666 n
1457 1635 1478 1665 cl
1489 1644 1510 1665 u
1521 1643 1536 1665 s

838 1680 1052 1720 Quomodo
1076 1681 1116 1711 In
1139 1681 1319 1719 Sapientem
1341 1681 1431 1710 Non
1457 1680 1536 1711 Ca-

837 1727 899 1757 dit
923 1725 1054 1756 Iniuria.
1103 1723 1166 1758 52.
1180 1738 1225 1750 =
1245 1725 1338 1755 Lucii
1360 1724 1459 1755 Annei
1478 1725 1534 1755 Se—

837 1779 931 1802 necae
967 1770 1016 1800 Ad
1048 1767 1200 1800 Serenum
1240 1769 1334 1800 Liber
1368 1769 1392 1799 S
1404 1777 1419 1799 e
1432 1778 1448 1799 c
1459 1778 1480 1799 u
1489 1778 1510 1799 n
1521 1785 1535 1791 -

837 1816 859 1846 d
870 1825 891 1845 u
901 1824 925 1845 s.
974 1814 1000 1848 Q
1013 1836 1023 1848 0
1036 1835 1046 1847 .
1060 1836 1071 1847 .
1085 1813 1131 1847 ⁵2¹2
1143 1828 1190 1840 =
1199 1814 1291 1844 Lucii
1304 1814 1426 1844 Annaei
1439 1814 1534 1844 Sene-

837 1868 893 1891 cae
928 1859 977 1890 Aa
1012 1859 1163 1890 Serenum
1195 1858 1289 1890 Liber
1311 1859 1327 1889 I
1335 1859 1360 1889 I.
1421 1859 1447 1896 Q
1456 1867 1476 1888 u
1486 1867 1504 1888 o
1513 1858 1535 1888 d

836 1905 882 1936 In
916 1904 1096 1943 Sapientem
1132 1905 1161 1935 N
1170 1912 1187 1934 o
1196 1913 1218 1935 n
1256 1901 1282 1934 G
1290 1912 1311 1934 α
1321 1903 1342 1933 d
1353 1903 1385 1933 it
1414 1903 1536 1934 Iniuria

838 1949 897 1991 (Ἡ
915 1966 952 1972 —
967 1949 1059 1979 Liber
1078 1946 1143 1990 11·)·
1179 1948 1202 1982 ἓ
1213 1969 1224 1982 a
1238 1970 1249 1981 ο
1260 1969 1270 1981 ι
1284 1947 1355 1980 &ro
1367 1948 1460 1978 ΣΙΛ-
1473 1948 1536 1978 ΛΠ·

834 1995 908 2026 naei
937 1994 1072 2024 Senecae
1096 1994 1147 2024 De
1172 1993 1429 2025 Constantia
1464 1992 1487 2024 S
1499 2000 1536 2022 a-

833 2039 1000 2079 pientis
1024 2038 1113 2073 sive
1137 2038 1256 2076 Quod
1288 2038 1334 2069 In
1357 2037 1537 2076 Sapientem

835 2086 890 2116 No
900 2094 921 2115 n
948 2084 1003 2115 Ga
1013 2083 1077 2114 dit
1099 2083 1233 2114 Iniuria.
1270 2080 1322 2113 cui
1343 2080 1442 2113 titulo
1464 2080 1535 2115 nst.

836 2127 868 2160 2.
880 2129 934 2162 >Bo
946 2126 1048 2158 etiam
1069 2126 1231 2158 adiiciunt
1253 2128 1346 2158 Liber
1360 2127 1458 2166 Unus,
1478 2125 1535 2160 fflu

834 2174 928 2205 Liber
942 2174 1028 2204 Unus
1046 2173 1096 2204 Ad
1116 2173 1280 2204 Annaeum
1293 2172 1454 2203 Serenum.
1476 2169 1537 2201 Fi-

836 2217 971 2249 scherus
990 2216 1114 2248 voluit:
1139 2218 1177 2248 L.
1195 2218 1317 2249 Annaei
1338 2217 1473 2248 Senecae
1492 2216 1537 2246 De

840 2263 1098 2295 Constantia
1153 2262 1381 2302 Sapientis
1435 2261 1539 2292 Liber.

837 2306 930 2340 Pinc.
953 2306 1070 2338 scribit
1100 2305 1354 2339 correctioribus
1378 2316 1451 2337 exx.
1474 2303 1538 2336 ab-

837 2363 909 2384 esse
931 2351 1016 2383 illud
1044 2353 1209 2384 secundus.
1257 2350 1412 2383 Ceterum
1437 2347 1535 2381 codd.

837 2396 916 2428 msti
952 2407 1066 2428 omncs
1103 2395 1272 2428 collocant
1305 2395 1395 2426 huuc
1417 2393 1538 2425 librum

836 2448 916 2485 post
938 2452 1033 2481 eum,
1072 2440 1129 2484 qui
1162 2440 1250 2473 solet
1274 2441 1312 2472 de
1335 2440 1540 2472 Providentia

836 2485 993 2525 inscribi,
1038 2485 1190 2529 impressi
1224 2490 1305 2529 post
1345 2483 1468 2516 librum
1499 2484 1537 2515 de

838 2510 1085 2572 Tranquil’litate.

1122 2609 1202 2653 Cap.
1227 2610 1256 2643 I.

886 2665 1041 2708 G<Cr·oe)
1056 2680 1100 2693 =
1113 2666 1255 2705 SQPiCnti
1266 2674 1286 2696 a
1307 2665 1395 2705 pror·
1429 2663 1462 2697 W
1476 2685 1484 2696 ι
1501 2685 1511 2696 0
1527 2685 1536 2697 ο

841 2711 874 2744 §B
898 2724 944 2737 =
965 2712 1116 2750 professi.
1176 2710 1273 2741 Rom.
1297 2708 1392 2742 Anic-
1410 2726 1453 2732 —-
1468 2711 1539 2740 tan-

840 2756 988 2786 tumdem.
1012 2754 1135 2797 probat
1144 2753 1283 2787 Dalech.
1315 2754 1364 2786 sG
1378 2758 1412 2792 -Ι-
1430 2764 1449 2794 q
1461 2764 1482 2785 u
1492 2763 1512 2784 α
1525 2762 1540 2784 e

842 2800 896 2831 sed
919 2801 1021 2831 altera
1041 2809 1128 2839 pars.
1174 2796 1234 2832 1³4.
1252 2803 1287 2838 -1-
1303 2809 1349 2832 ac
1384 2802 1419 2832 si
1442 2801 1543 2830 attera

978 2845 1010 2879 ‘Ji
1023 2867 1033 2881 ι
1048 2867 1058 2881 .
1073 2868 1084 2880 .
1097 2845 1132 2880 Θ
1149 2847 1183 2884 -i-
1201 2849 1237 2878 et
1260 2847 1392 2878 molliter
1426 2849 1544 2877 contla

1227 2891 1256 2933 3

840 2854 928 2885 pars.
