1812 3184
236 170 321 215 654
691 171 736 210 1..
766 147 962 211 ANNAiu
992 169 1220 211 SENECAE

237 281 356 324 XIV.
389 280 494 325 Sunt
517 281 580 337 qni
607 280 836 322 existiment
863 281 1001 337 spiritu
1030 281 1182 337 quidem
1213 287 1254 322 et
1280 281 1385 323 nulla
1414 280 1491 323 alia
1518 280 1674 323 ratione

237 357 406 391 tremere
424 356 584 400 terram,
617 349 684 405 sed
707 362 760 389 ex
779 348 855 389 alia
874 362 994 390 eausa
1015 362 1127 404 quam
1142 346 1348 390 Aristoteli
1366 348 1523 404 placuit.
1565 342 1669 403 Quid

237 416 289 458 sit
311 417 411 471 quod
436 416 484 457 ab
507 417 567 457 his
593 417 742 457 dicatur
762 416 866 456 audi.
928 413 1084 471 Corpus
1106 421 1281 456 nostrum
1302 421 1342 456 et
1364 416 1554 471 sanguine
1574 410 1671 458 iuri-

236 490 351 538 gatur
376 489 415 524 et
442 483 581 537 spiiitu
611 483 674 537 qui
706 496 776 538 per
803 497 875 524 sua
903 482 1045 524 itinera
1075 482 1261 523 decurrit.
1321 481 1520 524 Habemus
1542 487 1672 529 autem

235 550 463 605 angustiora
493 550 679 605 quaedam
711 550 956 605 receptacula
986 549 1137 590 animae
1167 562 1237 604 per
1263 562 1361 603 quae
1388 548 1482 590 nihil
1503 546 1672 605 amptius

235 630 348 671 quam
373 624 499 668 meat,
543 617 728 671 quaedam
757 617 973 672 patentiora
995 616 1035 657 in
1055 616 1193 670 quibus
1216 615 1411 670 colligitur
1434 622 1475 657 et
1493 615 1673 658 unde-di-

200 694 217 722 ἰ
236 684 379 724 uiditur
407 684 446 724 in
477 691 622 738 partes.
685 682 754 725 Sic
783 684 856 724 hoc
886 690 1008 724 totum
1039 691 1231 723 terrarum
1262 682 1432 723 omilium
1462 696 1603 737 corpus
1632 689 1674 724 ct

233 751 344 805 aquis
368 764 465 805 quae
487 751 611 792 uicem
633 751 835 806 sanguinis
858 752 993 791 teuent
1014 756 1054 791 et
1074 751 1202 790 uentis
1224 762 1321 804 quos
1344 749 1439 790 nihil
1458 749 1561 790 aliud
1584 748 1671 804 quis

233 811 347 871 quam
370 817 536 858 animam
560 818 763 859 uocauerit
782 817 955 872 peruium
977 823 1053 858 est.
1113 815 1211 856 haec
1232 816 1306 856 dno
1326 814 1466 856 alicubi
1486 822 1664 868 currunt,

232 884 372 925 alicubi
396 884 628 926 consistunt.
690 882 770 926 Sed
794 883 1145 939 quemadmodum
1134 897 1175 923 ιιι
1196 896 1361 936 corpore
1384 888 1547 934 nostro,
1579 882 1671 942 duni

232 950 334 991 bona
359 951 529 992 ualitudo
554 958 636 1002 est,
682 965 868 991 uenarum
899 963 1052 1012 quoque
1081 948 1346 1004 inperturbata
1370 947 1564 989 mobilitas
1586 962 1670 990 mo·-

231 1017 333 1057 dum
347 1024 504 1068 seruat,
537 1017 602 1057 ubi
626 1017 766 1070 aliquid
790 1016 944 1057 aduersi
968 1022 1050 1070 est,
1083 1022 1123 1056 et
1143 1014 1261 1054 micat
1283 1007 1459 1055 erebrius
1482 1020 1522 1055 et
1542 1014 1670 1071 suspi-

231 1083 290 1123 ria
313 1090 427 1137 atque
448 1083 639 1123 anhelitus
658 1082 872 1123 laborantis
896 1096 942 1123 ac
964 1047 1058 1123 fessi
1082 1081 1192 1136 signa
1214 1087 1325 1121 sunt.
1357 1080 1413 1121 ita
1435 1075 1552 1122 terris
1573 1095 1668 1136 quo-

176 1161 215 1187 .3
232 1163 306 1204 que
331 1149 419 1190 dum
444 1149 584 1204 positio
620 1149 809 1190 naturalis
832 1155 914 1200 est,
954 1142 1211 1189 inconcussae
1238 1154 1417 1203 manent.
1455 1139 1457 1141 ¹
1478 1161 1565 1190 cum
1597 1147 1668 1189 ali·

231 1216 320 1270 quid
345 1223 549 1271 pecc-atur,
583 1223 662 1257 tum
681 1216 788 1257 uelut
805 1216 914 1270 aegri
936 1215 1111 1271 corporis
1133 1221 1261 1255 motus
1281 1221 1343 1255 est
1358 1213 1583 1269 spirituillo
1603 1214 1668 1269 qni

232 1283 447 1324 modestius
477 1283 691 1338 perfluebat
716 1283 793 1324 icto
819 1282 1089 1324 uehementius
1118 1289 1158 1323 et
1181 1287 1390 1335 quassante
1414 1294 1535 1322 uenas
1557 1289 1664 1331 suas,

231 1363 327 1400 nec,
370 1356 413 1390 ut
431 1349 486 1390 illi
507 1350 622 1404 paulo
645 1357 734 1390 ante
759 1349 963 1399 dicebant,
1006 1348 1143 1402 quibus
1166 1348 1307 1388 animal
1328 1347 1454 1401 placet
1475 1353 1666 1402 esse'ter-

231 1429 337 1457 raur:
382 1430 469 1457 nam
499 1416 532 1457 si
562 1416 635 1456 hoc
662 1423 745 1467 est,
788 1415 1104 1470 quemadmodum
1132 1414 1274 1455 animal
1303 1420 1384 1454 tota
1413 1413 1664 1454 uexationem

970 1528 987 1558 b
995 1527 1018 1558 i.
1052 1525 1083 1557 G
1093 1540 1139 1554 =
1151 1526 1267 1557 alicubi
1276 1534 1294 1564 q
1303 1534 1326 1556 u
1335 1533 1350 1556 e
1372 1524 1549 1556 consistunt.
1571 1523 1661 1558 Pinc.

968 1569 1036 1602 v-l.
1051 1567 1109 1602 1²4.
1125 1569 1193 1601 Col.
1220 1570 1266 1604 Q.
1278 1591 1287 1602 .
1300 1569 1355 1603 ..ff
1369 1583 1414 1596 =
1427 1568 1553 1600 alicubi'
1565 1577 1662 1601 con-

968 1619 1107 1654 currunt,
1129 1615 1245 1646 alicubi
1265 1614 1442 1645 consistunt.
1489 1612 1581 1644 Fort.
1603 1610 1663 1645 1³4.

968 1673 1015 1687 =
1034 1661 1144 1691 alibi
1167 1661 1396 1698 concurrunt,
1427 1658 1540 1689 alibi
1560 1659 1661 1690 consi-

481 1527 561 1570 Cap.
584 1528 677 1561 XIV.

276 1573 356 1603 B=
369 1574 447 1604 Sunt
467 1574 521 1612 qui
543 1574 728 1604 extiment.
762 1571 922 1612 (Ἀρι-,αὴ

229 1619 340 1649 =sed
365 1626 404 1648 ex
427 1618 493 1648 alia
515 1620 689 1655 tanquam
713 1618 873 1647 Aristoteli.
899 1617 923 1646 B

229 1671 380 1701 =quam
406 1662 469 1702 [sp.
495 1662 563 1702 vc.]
590 1662 640 1692 teli
665 1663 794 1700 placuit.
844 1661 922 1690 ss=

229 1715 300 1738 aer
322 1715 433 1745 corpus
455 1708 594 1737 nostrum
617 1709 644 1736 et
658 1707 862 1745 sanguinem
881 1707 924 1737 ir·
968 1707 1060 1735 stunt.
1106 1702 1139 1738 §B
1151 1726 1161 1738 .
1175 1725 1185 1737 .
1199 1726 1208 1737 .
1224 1702 1285 1737 &A
1308 1716 1353 1729 =
1373 1703 1488 1735 alicubi
1509 1711 1662 1734 con-eur-

228 1753 277 1791 νίς]
289 1753 332 1781 at
352 1751 474 1789 spiritu.

274 1796 328 1834 qui
347 1804 405 1834 per
426 1803 484 1825 sua
511 1795 624 1826 itinera
646 1795 806 1826 decum't
828 1808 874 1821 =
897 1794 921 1824 Β

230 1839 311 1870 EeG
333 1839 391 1870 P4.
419 1837 488 1870 Col.
513 1837 610 1870 codd.
642 1839 720 1879 Ops.
739 1838 840 1873 §BOEL

228 1882 286 1916 P3.
302 1898 348 1910 =
367 1884 420 1923 qui
443 1892 501 1914 sua
523 1884 636 1914 itinera
658 1885 832 1914 discurrit
856 1894 920 1914 om.

224 1937 292 1967 per.
339 1929 402 1962 (52.
416 1949 454 1961 ..0
468 1927 500 1961 ST
511 1942 556 1954 =
568 1929 622 1967 qui
642 1937 698 1967 per
730 1937 788 1958 sua
811 1930 922 1959 itinera

228 1974 408 2004 discurrit.
458 1973 480 2003 B
504 1990 548 1996 —
571 1975 675 2004 autem
710 1977 787 2014 post
819 1973 922 2004 Habe-

227 2026 308 2047 mus.

272 2062 456 2100 angustiora
477 2061 634 2100 quaedam
665 2062 859 2099 receptacula
884 2071 920 2092 a·

225 2106 329 2136 nimae
352 2119 397 2131 ==
420 2105 477 2134 Ee.
547 2105 572 2134 B
592 2118 637 2131 =
660 2106 816 2143 quaedam
837 2114 920 2136 rece-

224 2149 354 2187 ptacula
376 2149 558 2187 angustiora
581 2150 714 2178 animae.
756 2148 821 2181 (3213
835 2148 919 2181 ...Δΐ

227 2206 272 2219 =
294 2194 450 2232 quaedam
474 2194 656 2231 anyustiora
689 2193 814 2222 animae
837 2200 919 2222 rece-

223 2238 362 2276 ptacula.
409 2236 490 2266 B=
504 2246 561 2276 per
583 2245 662 2276 quae
683 2237 760 2267 nihil
783 2237 920 2275 amplius

225 2284 410 2313 commeat.

270 2323 303 2356 2.
331 2327 514 2356 B-totum
537 2329 614 2355 ante
636 2328 800 2356 terrarum.
834 2324 860 2355 E
873 2338 918 2351 =

224 2373 376 2401 terrarum
401 2371 538 2400 omnium
561 2372 713 2408 tempus.
761 2365 917 2410 e(cr.20)

225 2424 361 2454 =quae
382 2416 480 2446 vices
536 2414 854 2453 Ee=san9uinis
876 2417 918 2445 te-

225 2462 301 2490 net.
357 2458 415 2490 P3.
445 2461 480 2495 -l—
505 2460 668 2498 sanyuinis
697 2461 852 2498 gerunt
882 2461 917 2489 et
963 2478 1021 2490 ..-

224 2506 332 2534 tenent.
382 2505 403 2533 B
424 2518 468 2530 =
489 2513 565 2542 quos
596 2504 673 2535 nihil
707 2503 797 2533 aliud
821 2512 917 2542 quam

223 2549 426 2586 spiritum
460 2550 687 2587 quisquam
717 2550 823 2578 vocat
842 2556 916 2586 per-

222 2594 309 2623 vium
331 2595 384 2623 est.
430 2602 586 2632 e=quos
607 2593 671 2624 nil
694 2592 792 2622 aliud.

269 2638 384 2667 alicubi
406 2640 589 2676 currunt,
612 2638 726 2668 alicubi
750 2638 916 2667 consistunt

222 2680 327 2711 =Ee
348 2679 445 2713 codd.
469 2683 548 2724 Ops.
618 2681 698 2713 B=
711 2682 823 2711 alibi
845 2689 916 2711 cur-

221 2727 304 2763 runt,
329 2734 349 2755 α
360 2726 369 2755 l
380 2727 390 2755 i
402 2727 418 2756 b
428 2727 440 2757 i
463 2736 478 2757 s
488 2737 509 2758 u
519 2728 536 2757 b
545 2728 664 2758 sistunt.
703 2724 858 2756 Fortasse
880 2735 914 2755 e-

221 2767 265 2799 rit
286 2768 513 2801 scribendum:
549 2772 725 2802 aliubi.
741 2793 770 2802 ..
794 2770 912 2800 aliu-

967 1752 1050 1788 rzmt,
1073 1750 1180 1780 alibi
1201 1749 1377 1779 consistunt.
1413 1747 1537 1778 B=in
1557 1749 1660 1778 nostro

967 1802 1102 1832 corpore.
1126 1791 1185 1824 P3.
1197 1791 1229 1823 4.
1254 1792 1286 1825 213
1299 1806 1340 1818 =
1352 1792 1434 1822 nisi
1457 1791 1578 1831 aliquid
1598 1791 1658 1822 ad-

964 1839 1046 1869 versi
1068 1840 1121 1868 est.
1170 1835 1240 1867 Col.
1252 1837 1491 1867 =adversum
1513 1838 1567 1866 est.

1011 1884 1048 1913 ei
1070 1883 1166 1912 micat
1184 1881 1374 1912 crebrius=
1386 1880 1442 1911 Ee.
1511 1878 1642 1913 BGJB..
1667 1912 1672 1916 .

966 1926 999 1961 R
1013 1942 1053 1950 --
1067 1929 1105 1957 et.
1150 1924 1206 1957 Ρ3.
1223 1923 1292 1955 Col.
1308 1938 1353 1951 =
1373 1926 1489 1955 nutat
1511 1924 1656 1956 crebrius.

966 1969 1083 2002 1²4-
1038 1984 1083 1997 =
1099 1972 1220 2001 mucat
1242 1970 1386 2000 crebrius.
1652 1991 1657 1993 .

1011 2017 1054 2046 ita
1077 2016 1193 2046 terris
1214 2022 1332 2052 quoque
1357 2014 1434 2044 dum
1464 2013 1577 2057 positio
1598 2020 1658 2044 na-

964 2061 1075 2091 turalis
1097 2061 1160 2097 est,
1191 2060 1388 2089 inconcussae
1419 2054 1544 2088 manent
1561 2067 1607 2083 =
1631 2056 1656 2087 E

967 2104 1021 2145 (ex
1045 2114 1063 2134 e
1093 2108 1221 2134 tantum
1250 2107 1401 2132 notatum
1431 2111 1499 2132 non
1523 2099 1589 2143 legi
1610 2102 1656 2132 il-

964 2148 1026 2183 lis).
1105 2148 1128 2177 B
1146 2161 1192 2173 =
1212 2148 1258 2176 ita
1291 2155 1409 2184 quoque
1431 2149 1557 2176 terrae
1579 2143 1656 2176 dum

963 2192 1033 2221 illi
1043 2200 1058 2221 s
1073 2191 1229 2221 naturalis
1243 2190 1353 2227 positio
1370 2192 1414 2220 est
1428 2191 1570 2220 incussae
1585 2197 1655 2219 ma-

963 2237 1044 2266 nent.
1083 2234 1148 2267 GQs
1163 2233 1300 2267 ...δῖε
1308 2234 1354 2263 ita
1376 2236 1503 2263 terrae
1524 2241 1654 2272 quoque,

963 2280 1038 2310 dum
1069 2279 1167 2309 illis
1197 2278 1309 2317 positio
1330 2277 1484 2308 naturalis
1506 2279 1572 2315 est,
1605 2277 1654 2307 in-

963 2331 1126 2354 concussae
1151 2321 1199 2364 [223
1225 2325 1260 2358 -t-
1288 2324 1323 2352 et
1347 2318 1559 2363 inconcussae]
1583 2329 1653 2351 ma-

961 2370 1042 2398 nent.

1007 2410 1039 2443 5.
1064 2414 1146 2442 tum
1169 2412 1251 2442 velut
1273 2411 1361 2450 aegri
1375 2409 1490 2440 =Ee.
1559 2408 1655 2443 Bam

1035 2456 1234 2489 51³=tunc
1263 2456 1346 2486 vetut
1367 2455 1464 2494 aegri.
1511 2453 1654 2492 B=qui

961 2502 1162 2532 molestus
1193 2500 1364 2540 perfluebat
1390 2501 1461 2530 ictu
1492 2499 1652 2530 vehemen-

960 2547 1030 2578 tius.
1077 2543 1136 2576 P3.
1160 2561 1205 2567 --
1223 2546 1326 2583 placet
1347 2552 1410 2575 esse
1431 2546 1548 2574 terram
1576 2565 1585 2574 .
1609 2566 1616 2572 .
1642 2565 1652 2574 .

959 2590 1219 2630 quemadmodum
1243 2589 1372 2619 animal.
1406 2598 1424 2619 e
1437 2603 1476 2611 -—
1490 2595 1554 2618 esse
1573 2591 1651 2618 ante

959 2637 1085 2665 terram.
1121 2632 1225 2664 BEeG
1234 2630 1291 2663 P4.
1306 2630 1375 2663 Col.
1388 2633 1421 2666 >B
1432 2632 1527 2663 =ni
1538 2639 1554 2662 s
1564 2632 1576 2662 i
1587 2631 1650 2663 tooc

959 2681 1002 2711 est
1021 2678 1294 2717 quemadmodum.

1003 2725 1068 2754 tota
1089 2723 1281 2754 vexationem
1304 2722 1409 2752 sentiet
1429 2733 1476 2747 ==
1497 2719 1527 2750 G
1539 2718 1648 2759 (mm.)

960 2765 1021 2801 εἳ.
1034 2789 1043 2801 ο
1056 2789 1066 2801 ο
1080 2789 1090 2802 ο
1103 2766 1172 2801 ffi20
1240 2764 1321 2797 ECG
1333 2763 1392 2797 P3·
1407 2763 1478 2796 COl·
1492 2762 1591 2799 Qaelo
1601 2776 1649 2796 ἦ
