1812 3184
527 734 1113 784 FRAGMENTA
1530 771 1532 773 ,

174 844 222 907 E
264 843 588 902 SCRIPTIS
632 840 966 899 SENECAE
1008 836 1471 896 DEPERDITIS.
1531 839 1535 841 ’

273 1064 364 1108 Ex
406 1062 702 1110 SCHEDIS
746 1051 951 1105 PAULI
993 1059 1362 1116 sAnoLE‘rl.

383 1154 518 1190 (Amaud
537 1154 577 1182 du
596 1140 718 1182 Fen-ori
731 1152 763 1181 in
782 1152 872 1197 Cone.
892 1151 1052 1187 Burdigal.
1070 1150 1108 1179 11.
1126 1159 1155 1188 p.
1172 1150 1246 1185 111.)

563 1246 646 1290 [DE
679 1243 1077 1288 MATR1MON10.]

208 1313 491 1356 Cordubenses
520 1313 673 1364 nostri,
709 1320 750 1354 ut
774 1312 945 1354 maxime
970 1312 1175 1353 laudarunt
1194 1309 1372 1367 nuptiaS‚
1406 1309 1460 1351 ita
1481 1310 1547 1365 qui

93 1380 180 1434 sine
212 1381 272 1422 his
303 1381 611 1430 conuenissent,
645 1381 903 1421 excluserunt
923 1380 1098 1421 cretione
1122 1379 1400 1430 hereditatum,
1427 1378 1546 1419 etiam

95 1453 248 1503 pactam
289 1460 340 1488 ne
384 1447 520 1488 osculo
553 1446 732 1500 quidem,
781 1447 857 1487 nisi
887 1444 1030 1487 Cereri
1070 1447 1263 1487 fecissent
1301 1452 1342 1487 et
1377 1446 1546 1502 hymnos

96 1514 436 1572 [hymenaeos*)]
468 1514 730 1565 cecinissent,
764 1512 902 1567 attingi
934 1513 1160 1554 uoluerunt.
1224 1510 1269 1554 Si
1295 1513 1381 1567 quis
1410 1513 1546 1554 osculo

93 1582 179 1624 solo
213 1589 303 1624 octo
335 1581 562 1638 parentibus
596 1589 664 1622 aut
692 1580 831 1621 uicinis
861 1594 942 1620 non
971 1579 1154 1620 adhibitis
1190 1579 1411 1635 attigisset,
1455 1580 1544 1622 huic

22 1689 26 1694 .
91 1649 342 1692 abducendae
370 1648 524 1704 quidem
555 1662 724 1704 sponsae
754 1648 815 1688 ins
846 1654 947 1699 erat,
980 1647 1034 1688 ita
1066 1654 1195 1688 tamen
1225 1654 1267 1688 ut
1286 1646 1404 1688 tertia
1434 1654 1545 1703 parte

91 1717 286 1759 bonorum
315 1716 491 1758 sobolem
522 1730 632 1757 suam
663 1730 830 1771 parens,
865 1715 899 1756 si
929 1715 1074 1767 uellet,
1108 1715 1308 1756 multaret.

93 1849 146 1894 L.
160 1849 386 1894 ANNAEI
403 1848 671 1893 SENECAE
690 1849 1054 1892 FRAGMENTA
1073 1849 1113 1891 A
1127 1847 1443 1892 NIEBUHRIO
1466 1848 1547 1891 EX

148 1917 495 2028 ἕὲῧξὲῒξέἓ
524 1916 955 1961 BIBLIOTHECAE
986 1915 1326 1961 VATICANAE
1364 1915 1543 1959 EDITA

600 2089 688 2130 [DE
727 2088 1028 2132 AMICITIA]

205 2152 240 2197 I.
285 2155 349 2209 [il]
372 2155 409 2198 le
430 2155 582 2197 tristior
602 2169 716 2210 quam
743 2156 896 2197 solebat
927 2170 951 2196 o
968 2186 978 2196 .
996 2186 1006 2196 .
1019 2170 1067 2195 ru
1081 2185 1091 2193 .
1106 2155 1172 2194 ille
1189 2184 1198 2193 .
1216 2184 1226 2194 .
1250 2154 1284 2195 si
1302 2184 1478 2195 .......
1495 2168 1544 2195 ne

96 2251 109 2267 ,
130 2252 142 2262 .
164 2252 175 2263 .
199 2222 241 2264 in
271 2223 319 2264 ad
339 2253 350 2264 .
367 2253 378 2263 .
397 2253 407 2262 .
423 2251 433 2263 .
469 2237 492 2262 a
517 2227 789 2274 quaerentem.
817 2233 899 2261 erm
925 2250 1282 2261 .............
1298 2227 1327 2261 t.
1359 2221 1415 2262 ni.
1448 2235 1515 2262 se.
1532 2252 1542 2262 .

92 2302 201 2342 gres.
224 2301 262 2328 r.
281 2299 328 2327 ac
356 2286 476 2327 fecit.
498 2317 507 2327 .
526 2317 537 2327 .
552 2317 561 2327 .
576 2293 637 2327 ter
662 2287 775 2328 alteri
788 2316 992 2327 ........
1014 2286 1069 2327 dit
1092 2300 1114 2326 a
1127 2316 1465 2330 .............
1478 2302 1544 2330 ses

97 2382 478 2393 ..............
494 2353 578 2407 plus
596 2383 604 2393 .
622 2383 631 2392 .
651 2383 660 2393 .
679 2383 688 2392 .
709 2353 762 2393 hi.
797 2360 1085 2407 conquesturus
1109 2353 1242 2394 uenit:
1275 2360 1318 2395 at
1339 2361 1479 2396 contra
1499 2369 1545 2397 se

92 2418 216 2462 adfuit
242 2425 284 2461 et
305 2419 566 2460 satisfacienti
589 2419 803 2461 satisfecit:
838 2434 917 2461 non
941 2420 1069 2462 minus
1090 2420 1152 2461 hic
1177 2421 1368 2462 sollicitus
1390 2421 1465 2463 fuit
1494 2436 1544 2464 ne

92 2486 238 2530 fecisse
260 2486 463 2529 uideretur
484 2486 667 2528 iniuriam
688 2501 801 2542 quam
826 2487 892 2529 ille
914 2502 963 2529 ne
985 2487 1214 2545 accepisse:
1259 2482 1326 2530 aut
1351 2496 1460 2531 certe
1486 2490 1546 2531 ni-

92 2552 148 2596 hil
169 2554 319 2596 resedit
341 2554 443 2609 quod
463 2562 667 2610 serperet,
699 2555 768 2596 sed
793 2555 833 2596 in
858 2555 1028 2598 medium
1049 2556 1154 2598 dedit
1169 2563 1333 2611 uterque
1359 2557 1546 2599 offensio-

93 2634 166 2663 nes
187 2635 307 2675 suas,
339 2629 380 2664 et
404 2622 506 2664 alter
527 2623 576 2664 ab
602 2623 727 2664 altero
759 2623 941 2678 quidquid
971 2623 1118 2666 latebat
1137 2624 1351 2680 expressit.
1414 2623 1547 2666 Fami-

93 2687 191 2731 liare
226 2689 395 2745 iurgium
425 2704 505 2732 non
540 2691 706 2732 iudicem
739 2692 810 2733 sed
840 2691 1029 2734 arbitrum
1066 2692 1244 2748 quaerit,
1290 2692 1388 2735 nihil
1415 2699 1547 2735 autem

185 2779 223 2819 1ἴ)
246 2779 299 2812 Ita
321 2779 478 2814 emendat
502 2780 686 2814 Schultzius
708 2780 827 2814 Kilon.
