<?xml version="1.0" encoding="UTF-8"?>
<!DOCTYPE html PUBLIC "-//W3C//DTD XHTML 1.0 Transitional//EN"
    "http://www.w3.org/TR/xhtml1/DTD/xhtml1-transitional.dtd">
<html xmlns="http://www.w3.org/1999/xhtml" xml:lang="en" lang="en">
 <head>
  <title>
</title>
<meta http-equiv="Content-Type" content="text/html;charset=utf-8" />
  <meta name='ocr-system' content='tesseract 3.04.00' />
  <meta name='ocr-capabilities' content='ocr_page ocr_carea ocr_par ocr_line ocrx_word'/>
</head>
<body>
  <div class='ocr_page' id='page_1' title='image "./operasene03seneuoft/operasene03seneuoft_0756.png"; bbox 0 0 1812 3184; ppageno 0'>
   <div class='ocr_carea' id='block_1_1' title="bbox 96 291 111 320">
    <p class='ocr_par' dir='ltr' id='par_1_1' title="bbox 96 291 111 320">
     <span class='ocr_line' id='line_1_1' title="bbox 96 291 111 320; baseline 0 -5"><span class='ocrx_word' id='word_1_1' title='bbox 96 291 111 320; x_wconf 60' lang='lat' dir='ltr'><strong>t„</strong></span> 
     </span>
    </p>
   </div>
   <div class='ocr_carea' id='block_1_2' title="bbox 50 313 136 424">
    <p class='ocr_par' dir='ltr' id='par_1_2' title="bbox 50 313 136 424">
     <span class='ocr_line' id='line_1_2' title="bbox 50 313 136 424; baseline 0 -45"><span class='ocrx_word' id='word_1_2' title='bbox 50 313 136 424; x_wconf 28' lang='lat' dir='ltr'><strong>‘rs-R</strong></span> 
     </span>
    </p>
   </div>
   <div class='ocr_carea' id='block_1_3' title="bbox 250 213 1247 281">
    <p class='ocr_par' dir='ltr' id='par_1_3' title="bbox 250 213 1247 281">
     <span class='ocr_line' id='line_1_3' title="bbox 250 213 1247 281; baseline -0.002 -23"><span class='ocrx_word' id='word_1_3' title='bbox 250 213 345 281; x_wconf 68' lang='grc' dir='ltr'><strong>Δ736</strong></span> <span class='ocrx_word' id='word_1_4' title='bbox 715 215 758 253; x_wconf 88' lang='lat' dir='ltr'><strong>L.</strong></span> <span class='ocrx_word' id='word_1_5' title='bbox 790 215 987 255; x_wconf 85' lang='lat' dir='ltr'><strong>ANNAEI</strong></span> <span class='ocrx_word' id='word_1_6' title='bbox 1019 216 1247 256; x_wconf 86' lang='lat' dir='ltr'><strong>SENECAE</strong></span> 
     </span>
    </p>
   </div>
   <div class='ocr_carea' id='block_1_4' title="bbox 168 325 1695 383">
    <p class='ocr_par' dir='ltr' id='par_1_4' title="bbox 168 306 1695 383">
     <span class='ocr_line' id='line_1_4' title="bbox 168 325 1695 383; baseline 0.018 -33"><span class='ocrx_word' id='word_1_7' title='bbox 168 341 243 367; x_wconf 77' lang='lat'><strong>3</strong></span> <span class='ocrx_word' id='word_1_8' title='bbox 262 325 376 367; x_wconf 68' lang='lat' dir='ltr'>Hunc</span> <span class='ocrx_word' id='word_1_9' title='bbox 398 326 511 367; x_wconf 76' lang='lat' dir='ltr'><strong>deum</strong></span> <span class='ocrx_word' id='word_1_10' title='bbox 535 326 621 381; x_wconf 90' lang='lat' dir='ltr'><strong>quis</strong></span> <span class='ocrx_word' id='word_1_11' title='bbox 643 326 771 368; x_wconf 79' lang='lat' dir='ltr'><strong>colet?</strong></span> <span class='ocrx_word' id='word_1_12' title='bbox 800 327 885 381; x_wconf 91' lang='lat' dir='ltr'><strong>quis</strong></span> <span class='ocrx_word' id='word_1_13' title='bbox 908 328 1066 369; x_wconf 83' lang='lat' dir='ltr'><strong>credet?</strong></span> <span class='ocrx_word' id='word_1_14' title='bbox 1095 328 1183 369; x_wconf 93' lang='lat' dir='ltr'><strong>dum</strong></span> <span class='ocrx_word' id='word_1_15' title='bbox 1205 328 1301 370; x_wconf 81' lang='lat' dir='ltr'><strong>tales</strong></span> <span class='ocrx_word' id='word_1_16' title='bbox 1323 328 1418 371; x_wconf 90' lang='lat' dir='ltr'><strong>deos</strong></span> <span class='ocrx_word' id='word_1_17' title='bbox 1442 329 1594 383; x_wconf 75' lang='lat' dir='ltr'><strong>facilis,</strong></span> <span class='ocrx_word' id='word_1_18' title='bbox 1625 340 1695 372; x_wconf 70' lang='lat'><em>¹10-</em></span> 
     </span>
    </p>
   </div>
   <div class='ocr_carea' id='block_1_5' title="bbox 224 392 1737 1652">
    <p class='ocr_par' dir='ltr' id='par_1_5' title="bbox 224 392 1737 1652">
     <span class='ocr_line' id='line_1_5' title="bbox 259 392 1696 449; baseline 0.003 -15"><span class='ocrx_word' id='word_1_19' title='bbox 259 408 322 434; x_wconf 94' lang='lat' dir='ltr'><strong>mo</strong></span> <span class='ocrx_word' id='word_1_20' title='bbox 346 407 418 435; x_wconf 91' lang='lat' dir='ltr'><strong>uos</strong></span> <span class='ocrx_word' id='word_1_21' title='bbox 445 394 540 435; x_wconf 89' lang='lat' dir='ltr'><strong>deos</strong></span> <span class='ocrx_word' id='word_1_22' title='bbox 564 407 653 435; x_wconf 87' lang='lat' dir='ltr'><strong>esse</strong></span> <span class='ocrx_word' id='word_1_23' title='bbox 685 394 832 435; x_wconf 83' lang='lat' dir='ltr'><strong>credet.</strong></span> <span class='ocrx_word' id='word_1_24' title='bbox 895 393 1057 437; x_wconf 86' lang='lat' dir='ltr'><strong>Summa</strong></span> <span class='ocrx_word' id='word_1_25' title='bbox 1077 395 1160 449; x_wconf 82' lang='lat' dir='ltr'><strong>rei,</strong></span> <span class='ocrx_word' id='word_1_26' title='bbox 1198 393 1248 436; x_wconf 93' lang='lat' dir='ltr'><strong>P.</strong></span> <span class='ocrx_word' id='word_1_27' title='bbox 1276 392 1326 437; x_wconf 87' lang='lat' dir='ltr'><strong>C.</strong></span> <span class='ocrx_word' id='word_1_28' title='bbox 1351 395 1386 438; x_wconf 91' lang='lat' dir='ltr'><strong>si</strong></span> <span class='ocrx_word' id='word_1_29' title='bbox 1408 396 1572 439; x_wconf 76' lang='lat' dir='ltr'><strong>honeste</strong></span> <span class='ocrx_word' id='word_1_30' title='bbox 1591 396 1696 440; x_wconf 74' lang='lat' dir='ltr'><strong>inter</strong></span> 
     </span>
     <span class='ocr_line' id='line_1_6' title="bbox 258 461 1691 518; baseline 0.003 -17"><span class='ocrx_word' id='word_1_31' title='bbox 258 474 330 502; x_wconf 90' lang='lat' dir='ltr'><strong>uos</strong></span> <span class='ocrx_word' id='word_1_32' title='bbox 361 461 491 515; x_wconf 84' lang='lat' dir='ltr'><strong>gessi,</strong></span> <span class='ocrx_word' id='word_1_33' title='bbox 534 461 567 502; x_wconf 94' lang='lat' dir='ltr'><strong>si</strong></span> <span class='ocrx_word' id='word_1_34' title='bbox 599 461 692 502; x_wconf 89' lang='lat' dir='ltr'><strong>nulli</strong></span> <span class='ocrx_word' id='word_1_35' title='bbox 723 461 855 503; x_wconf 90' lang='lat' dir='ltr'><strong>durius</strong></span> <span class='ocrx_word' id='word_1_36' title='bbox 893 462 1102 518; x_wconf 80' lang='lat' dir='ltr'><strong>respondi,</strong></span> <span class='ocrx_word' id='word_1_37' title='bbox 1144 462 1338 504; x_wconf 81' lang='lat' dir='ltr'><strong>uindicate</strong></span> <span class='ocrx_word' id='word_1_38' title='bbox 1372 462 1534 505; x_wconf 83' lang='lat' dir='ltr'><strong>iniurias</strong></span> <span class='ocrx_word' id='word_1_39' title='bbox 1566 476 1691 506; x_wconf 70' lang='lat' dir='ltr'><strong>mens.</strong></span> 
     </span>
     <span class='ocr_line' id='line_1_7' title="bbox 257 527 1030 583; baseline 0.001 -14"><span class='ocrx_word' id='word_1_40' title='bbox 257 527 346 583; x_wconf 89' lang='lat' dir='ltr'><strong>Ego</strong></span> <span class='ocrx_word' id='word_1_41' title='bbox 365 542 434 583; x_wconf 88' lang='lat' dir='ltr'><strong>pro</strong></span> <span class='ocrx_word' id='word_1_42' title='bbox 453 528 647 569; x_wconf 82' lang='lat' dir='ltr'><strong>sententia</strong></span> <span class='ocrx_word' id='word_1_43' title='bbox 666 542 752 569; x_wconf 88' lang='lat' dir='ltr'><strong>mea</strong></span> <span class='ocrx_word' id='word_1_44' title='bbox 774 528 847 569; x_wconf 94' lang='lat' dir='ltr'><strong>hoc</strong></span> <span class='ocrx_word' id='word_1_45' title='bbox 870 543 1030 570; x_wconf 86' lang='lat' dir='ltr'><strong>censeo.</strong></span> 
     </span>
     <span class='ocr_line' id='line_1_8' title="bbox 224 593 1696 654; baseline 0.003 -19"><span class='ocrx_word' id='word_1_46' title='bbox 224 605 240 633; x_wconf 77' lang='grc'><strong>4</strong></span> <span class='ocrx_word' id='word_1_47' title='bbox 260 596 338 637; x_wconf 76' lang='lat' dir='ltr'><strong>uitx</strong></span> <span class='ocrx_word' id='word_1_48' title='bbox 380 594 703 650; x_wconf 81' lang='lat' dir='ltr'><strong>Quandoquidem</strong></span> <span class='ocrx_word' id='word_1_49' title='bbox 735 596 846 637; x_wconf 91' lang='lat' dir='ltr'><strong>diuus</strong></span> <span class='ocrx_word' id='word_1_50' title='bbox 877 593 1064 638; x_wconf 84' lang='lat' dir='ltr'><strong>Claudius</strong></span> <span class='ocrx_word' id='word_1_51' title='bbox 1093 596 1235 638; x_wconf 83' lang='lat' dir='ltr'><strong>occidit</strong></span> <span class='ocrx_word' id='word_1_52' title='bbox 1262 611 1442 639; x_wconf 86' lang='lat' dir='ltr'><strong>socerum</strong></span> <span class='ocrx_word' id='word_1_53' title='bbox 1471 611 1584 639; x_wconf 88' lang='lat' dir='ltr'><strong>suum</strong></span> <span class='ocrx_word' id='word_1_54' title='bbox 1610 596 1696 654; x_wconf 80' lang='lat' dir='ltr'><strong>Ap-</strong></span> 
     </span>
     <span class='ocr_line' id='line_1_9' title="bbox 258 661 1695 720; baseline 0.002 -16"><span class='ocrx_word' id='word_1_55' title='bbox 258 663 360 719; x_wconf 91' lang='lat' dir='ltr'><strong>pium</strong></span> <span class='ocrx_word' id='word_1_56' title='bbox 384 661 587 715; x_wconf 87' lang='lat' dir='ltr'><strong>Silanum,</strong></span> <span class='ocrx_word' id='word_1_57' title='bbox 629 677 800 717; x_wconf 89' lang='lat' dir='ltr'><strong>generos</strong></span> <span class='ocrx_word' id='word_1_58' title='bbox 831 663 951 716; x_wconf 88' lang='lat' dir='ltr'><strong>duos,</strong></span> <span class='ocrx_word' id='word_1_59' title='bbox 992 662 1182 719; x_wconf 83' lang='lat' dir='ltr'><strong>Magnum</strong></span> <span class='ocrx_word' id='word_1_60' title='bbox 1200 662 1429 720; x_wconf 90' lang='lat' dir='ltr'><strong>Pompeium</strong></span> <span class='ocrx_word' id='word_1_61' title='bbox 1457 671 1497 706; x_wconf 81' lang='lat' dir='ltr'><strong>et</strong></span> <span class='ocrx_word' id='word_1_62' title='bbox 1516 662 1570 706; x_wconf 89' lang='lat' dir='ltr'><strong>L.</strong></span> <span class='ocrx_word' id='word_1_63' title='bbox 1593 662 1695 707; x_wconf 78' lang='lat' dir='ltr'><strong>Sila—</strong></span> 
     </span>
     <span class='ocr_line' id='line_1_10' title="bbox 256 728 1694 786; baseline 0.001 -15"><span class='ocrx_word' id='word_1_64' title='bbox 256 745 347 771; x_wconf 91' lang='lat' dir='ltr'><strong>num</strong></span> <span class='ocrx_word' id='word_1_65' title='bbox 362 762 373 782; x_wconf 92' lang='lat'><strong>,</strong></span> <span class='ocrx_word' id='word_1_66' title='bbox 415 744 594 772; x_wconf 82' lang='lat' dir='ltr'><strong>socerum</strong></span> <span class='ocrx_word' id='word_1_67' title='bbox 615 731 715 772; x_wconf 88' lang='lat' dir='ltr'><strong>filiae</strong></span> <span class='ocrx_word' id='word_1_68' title='bbox 738 744 832 772; x_wconf 88' lang='lat' dir='ltr'><strong>suae</strong></span> <span class='ocrx_word' id='word_1_69' title='bbox 852 728 1063 783; x_wconf 78' lang='lat' dir='ltr'><strong>Crassum,</strong></span> <span class='ocrx_word' id='word_1_70' title='bbox 1104 731 1207 786; x_wconf 83' lang='lat' dir='ltr'><strong>frugi</strong></span> <span class='ocrx_word' id='word_1_71' title='bbox 1230 731 1424 772; x_wconf 91' lang='lat' dir='ltr'><strong>hominem</strong></span> <span class='ocrx_word' id='word_1_72' title='bbox 1438 763 1452 784; x_wconf 87' lang='lat'><strong>,</strong></span> <span class='ocrx_word' id='word_1_73' title='bbox 1491 738 1568 773; x_wconf 77' lang='lat' dir='ltr'><strong>tam</strong></span> <span class='ocrx_word' id='word_1_74' title='bbox 1587 730 1694 773; x_wconf 74' lang='lat' dir='ltr'><strong>simi-</strong></span> 
     </span>
     <span class='ocr_line' id='line_1_11' title="bbox 254 795 1694 852; baseline 0.001 -14"><span class='ocrx_word' id='word_1_75' title='bbox 254 798 332 839; x_wconf 89' lang='lat' dir='ltr'><strong>lem</strong></span> <span class='ocrx_word' id='word_1_76' title='bbox 354 797 428 839; x_wconf 91' lang='lat' dir='ltr'><strong>sibi</strong></span> <span class='ocrx_word' id='word_1_77' title='bbox 451 812 563 852; x_wconf 85' lang='lat' dir='ltr'><strong>quam</strong></span> <span class='ocrx_word' id='word_1_78' title='bbox 585 812 659 839; x_wconf 88' lang='lat' dir='ltr'><strong>ouo</strong></span> <span class='ocrx_word' id='word_1_79' title='bbox 683 812 798 839; x_wconf 91' lang='lat' dir='ltr'><strong>ouum</strong></span> <span class='ocrx_word' id='word_1_80' title='bbox 812 829 823 850; x_wconf 91' lang='lat'><strong>,</strong></span> <span class='ocrx_word' id='word_1_81' title='bbox 864 795 1111 839; x_wconf 86' lang='lat' dir='ltr'><strong>Scriboniam</strong></span> <span class='ocrx_word' id='word_1_82' title='bbox 1131 805 1286 839; x_wconf 86' lang='lat' dir='ltr'><strong>socrum</strong></span> <span class='ocrx_word' id='word_1_83' title='bbox 1309 798 1410 840; x_wconf 87' lang='lat' dir='ltr'><strong>filiae</strong></span> <span class='ocrx_word' id='word_1_84' title='bbox 1433 812 1554 851; x_wconf 86' lang='lat' dir='ltr'><strong>suae,</strong></span> <span class='ocrx_word' id='word_1_85' title='bbox 1593 811 1694 840; x_wconf 78' lang='lat' dir='ltr'><strong>uxo-</strong></span> 
     </span>
     <span class='ocr_line' id='line_1_12' title="bbox 254 858 1737 920; baseline 0.001 -14"><span class='ocrx_word' id='word_1_86' title='bbox 254 878 337 906; x_wconf 88' lang='lat' dir='ltr'><strong>rem</strong></span> <span class='ocrx_word' id='word_1_87' title='bbox 367 879 477 906; x_wconf 85' lang='lat' dir='ltr'><strong>suam</strong></span> <span class='ocrx_word' id='word_1_88' title='bbox 507 863 761 906; x_wconf 84' lang='lat' dir='ltr'><strong>Messalinam</strong></span> <span class='ocrx_word' id='word_1_89' title='bbox 793 872 832 906; x_wconf 84' lang='lat' dir='ltr'><strong>et</strong></span> <span class='ocrx_word' id='word_1_90' title='bbox 862 858 1039 917; x_wconf 82' lang='lat' dir='ltr'><strong>ceteros,</strong></span> <span class='ocrx_word' id='word_1_91' title='bbox 1082 878 1244 920; x_wconf 90' lang='lat' dir='ltr'><strong>quorum</strong></span> <span class='ocrx_word' id='word_1_92' title='bbox 1280 878 1466 907; x_wconf 86' lang='lat' dir='ltr'><strong>numerus</strong></span> <span class='ocrx_word' id='word_1_93' title='bbox 1494 865 1586 908; x_wconf 88' lang='lat' dir='ltr'><strong>iniri</strong></span> <span class='ocrx_word' id='word_1_94' title='bbox 1612 878 1692 907; x_wconf 82' lang='lat' dir='ltr'><strong>non</strong></span> <span class='ocrx_word' id='word_1_95' title='bbox 1735 918 1737 920; x_wconf 14' lang='lat' dir='ltr'>q</span> 
     </span>
     <span class='ocr_line' id='line_1_13' title="bbox 253 931 1692 987; baseline 0 -15"><span class='ocrx_word' id='word_1_96' title='bbox 253 932 399 986; x_wconf 83' lang='lat' dir='ltr'><strong>potuit:</strong></span> <span class='ocrx_word' id='word_1_97' title='bbox 432 931 557 987; x_wconf 78' lang='lat' dir='ltr'><strong>placet</strong></span> <span class='ocrx_word' id='word_1_98' title='bbox 581 931 674 972; x_wconf 87' lang='lat' dir='ltr'><strong>mihi</strong></span> <span class='ocrx_word' id='word_1_99' title='bbox 694 932 735 972; x_wconf 90' lang='lat' dir='ltr'><strong>in</strong></span> <span class='ocrx_word' id='word_1_100' title='bbox 761 945 847 973; x_wconf 90' lang='lat' dir='ltr'><strong>eum</strong></span> <span class='ocrx_word' id='word_1_101' title='bbox 870 945 1010 972; x_wconf 84' lang='lat' dir='ltr'><strong>seuere</strong></span> <span class='ocrx_word' id='word_1_102' title='bbox 1031 931 1287 972; x_wconf 84' lang='lat' dir='ltr'><strong>animaduerti</strong></span> <span class='ocrx_word' id='word_1_103' title='bbox 1309 945 1382 972; x_wconf 87' lang='lat' dir='ltr'><strong>nec</strong></span> <span class='ocrx_word' id='word_1_104' title='bbox 1402 931 1612 987; x_wconf 72' lang='lat' dir='ltr'><strong>illi-rerum</strong></span> <span class='ocrx_word' id='word_1_105' title='bbox 1631 931 1692 972; x_wconf 81' lang='lat' dir='ltr'><strong>in-</strong></span> 
     </span>
     <span class='ocr_line' id='line_1_14' title="bbox 254 997 1694 1053; baseline 0 -15"><span class='ocrx_word' id='word_1_106' title='bbox 254 998 503 1039; x_wconf 89' lang='lat' dir='ltr'><strong>dicandarum</strong></span> <span class='ocrx_word' id='word_1_107' title='bbox 533 998 778 1039; x_wconf 77' lang='lat' dir='ltr'><strong>uacationem</strong></span> <span class='ocrx_word' id='word_1_108' title='bbox 807 997 891 1038; x_wconf 85' lang='lat' dir='ltr'><strong>dari</strong></span> <span class='ocrx_word' id='word_1_109' title='bbox 920 1011 1086 1052; x_wconf 89' lang='lat' dir='ltr'><strong>eumque</strong></span> <span class='ocrx_word' id='word_1_110' title='bbox 1115 997 1393 1053; x_wconf 79' lang='lat' dir='ltr'><strong>quamprimum</strong></span> <span class='ocrx_word' id='word_1_111' title='bbox 1423 998 1624 1053; x_wconf 78' lang='lat' dir='ltr'><strong>exportari</strong></span> <span class='ocrx_word' id='word_1_112' title='bbox 1652 1003 1694 1039; x_wconf 83' lang='lat' dir='ltr'><strong>et</strong></span> 
     </span>
     <span class='ocr_line' id='line_1_15' title="bbox 254 1062 1688 1120; baseline 0.001 -15"><span class='ocrx_word' id='word_1_113' title='bbox 254 1065 364 1106; x_wconf 89' lang='lat' dir='ltr'><strong>coelo</strong></span> <span class='ocrx_word' id='word_1_114' title='bbox 388 1065 489 1105; x_wconf 84' lang='lat' dir='ltr'><strong>intra</strong></span> <span class='ocrx_word' id='word_1_115' title='bbox 511 1064 670 1119; x_wconf 76' lang='lat' dir='ltr'><strong>triginta</strong></span> <span class='ocrx_word' id='word_1_116' title='bbox 700 1064 783 1106; x_wconf 91' lang='lat' dir='ltr'><strong>dies</strong></span> <span class='ocrx_word' id='word_1_117' title='bbox 813 1064 1032 1115; x_wconf 83' lang='lat' dir='ltr'><strong>excedere,</strong></span> <span class='ocrx_word' id='word_1_118' title='bbox 1076 1062 1243 1120; x_wconf 88' lang='lat' dir='ltr'><strong>Olympo</strong></span> <span class='ocrx_word' id='word_1_119' title='bbox 1269 1064 1374 1106; x_wconf 76' lang='lat' dir='ltr'><strong>intra</strong></span> <span class='ocrx_word' id='word_1_120' title='bbox 1394 1064 1495 1106; x_wconf 87' lang='lat' dir='ltr'><strong>diem</strong></span> <span class='ocrx_word' id='word_1_121' title='bbox 1515 1065 1688 1107; x_wconf 78' lang='lat' dir='ltr'><strong>tertiuin.</strong></span> 
     </span>
     <span class='ocr_line' id='line_1_16' title="bbox 252 1129 1690 1188; baseline 0.002 -15"><span class='ocrx_word' id='word_1_122' title='bbox 252 1131 423 1173; x_wconf 88' lang='lat' dir='ltr'><strong>Pedibus</strong></span> <span class='ocrx_word' id='word_1_123' title='bbox 444 1132 484 1172; x_wconf 91' lang='lat' dir='ltr'><strong>in</strong></span> <span class='ocrx_word' id='word_1_124' title='bbox 509 1132 608 1172; x_wconf 83' lang='lat' dir='ltr'><strong>hanc</strong></span> <span class='ocrx_word' id='word_1_125' title='bbox 630 1134 864 1173; x_wconf 82' lang='lat' dir='ltr'><strong>sententiam</strong></span> <span class='ocrx_word' id='word_1_126' title='bbox 887 1131 982 1172; x_wconf 85' lang='lat' dir='ltr'><strong>ilum</strong></span> <span class='ocrx_word' id='word_1_127' title='bbox 1002 1137 1077 1172; x_wconf 88' lang='lat' dir='ltr'><strong>est.</strong></span> <span class='ocrx_word' id='word_1_128' title='bbox 1137 1130 1227 1173; x_wconf 90' lang='lat' dir='ltr'><strong>Nec</strong></span> <span class='ocrx_word' id='word_1_129' title='bbox 1246 1145 1380 1184; x_wconf 82' lang='lat' dir='ltr'><strong>mora,</strong></span> <span class='ocrx_word' id='word_1_130' title='bbox 1414 1129 1621 1188; x_wconf 79' lang='lat' dir='ltr'><strong>Cyllenius</strong></span> <span class='ocrx_word' id='word_1_131' title='bbox 1642 1132 1690 1175; x_wconf 89' lang='lat' dir='ltr'><strong>il-</strong></span> 
     </span>
     <span class='ocr_line' id='line_1_17' title="bbox 252 1198 1064 1250; baseline -0.001 -10"><span class='ocrx_word' id='word_1_132' title='bbox 252 1199 331 1240; x_wconf 89' lang='lat' dir='ltr'><strong>lum</strong></span> <span class='ocrx_word' id='word_1_133' title='bbox 362 1199 461 1240; x_wconf 91' lang='lat' dir='ltr'><strong>collo</strong></span> <span class='ocrx_word' id='word_1_134' title='bbox 493 1199 647 1240; x_wconf 75' lang='lat' dir='ltr'><strong>obtorto</strong></span> <span class='ocrx_word' id='word_1_135' title='bbox 677 1199 794 1240; x_wconf 79' lang='lat' dir='ltr'><strong>trahit</strong></span> <span class='ocrx_word' id='word_1_136' title='bbox 823 1199 871 1239; x_wconf 82' lang='lat' dir='ltr'><strong>ad</strong></span> <span class='ocrx_word' id='word_1_137' title='bbox 900 1198 1064 1250; x_wconf 86' lang='lat' dir='ltr'><strong>inferos,</strong></span> 
     </span>
     <span class='ocr_line' id='line_1_18' title="bbox 486 1265 1388 1321; baseline 0.001 -14"><span class='ocrx_word' id='word_1_138' title='bbox 486 1266 597 1307; x_wconf 82' lang='lat' dir='ltr'><strong>Illuc</strong></span> <span class='ocrx_word' id='word_1_139' title='bbox 624 1266 738 1307; x_wconf 80' lang='lat' dir='ltr'><strong>unde</strong></span> <span class='ocrx_word' id='word_1_140' title='bbox 765 1270 924 1321; x_wconf 63' lang='lat' dir='ltr'><strong>negant</strong></span> <span class='ocrx_word' id='word_1_141' title='bbox 951 1265 1101 1307; x_wconf 79' lang='lat' dir='ltr'><strong>redire</strong></span> <span class='ocrx_word' id='word_1_142' title='bbox 1128 1279 1388 1321; x_wconf 77' lang='lat' dir='ltr'><strong>quemquam.</strong></span> 
     </span>
     <span class='ocr_line' id='line_1_19' title="bbox 250 1331 1689 1388; baseline 0.001 -14"><span class='ocrx_word' id='word_1_143' title='bbox 250 1332 360 1374; x_wconf 78' lang='lat' dir='ltr'><strong>XII.</strong></span> <span class='ocrx_word' id='word_1_144' title='bbox 397 1332 500 1374; x_wconf 87' lang='lat' dir='ltr'><strong>Dum</strong></span> <span class='ocrx_word' id='word_1_145' title='bbox 522 1334 763 1374; x_wconf 84' lang='lat' dir='ltr'><strong>descendunt</strong></span> <span class='ocrx_word' id='word_1_146' title='bbox 784 1347 854 1388; x_wconf 80' lang='lat' dir='ltr'><strong>per</strong></span> <span class='ocrx_word' id='word_1_147' title='bbox 880 1333 982 1373; x_wconf 79' lang='lat' dir='ltr'><strong>uiam</strong></span> <span class='ocrx_word' id='word_1_148' title='bbox 1013 1346 1189 1383; x_wconf 84' lang='lat' dir='ltr'><strong>sacram,</strong></span> <span class='ocrx_word' id='word_1_149' title='bbox 1221 1333 1440 1388; x_wconf 82' lang='lat' dir='ltr'><strong>interrogat</strong></span> <span class='ocrx_word' id='word_1_150' title='bbox 1463 1331 1689 1376; x_wconf 83' lang='lat' dir='ltr'><strong>Mercurius</strong></span> 
     </span>
     <span class='ocr_line' id='line_1_20' title="bbox 251 1397 1686 1456; baseline 0 -14"><span class='ocrx_word' id='word_1_151' title='bbox 251 1401 342 1456; x_wconf 91' lang='lat' dir='ltr'><strong>quid</strong></span> <span class='ocrx_word' id='word_1_152' title='bbox 364 1401 437 1442; x_wconf 91' lang='lat' dir='ltr'><strong>sibi</strong></span> <span class='ocrx_word' id='word_1_153' title='bbox 461 1401 554 1442; x_wconf 78' lang='lat' dir='ltr'><strong>uelit</strong></span> <span class='ocrx_word' id='word_1_154' title='bbox 578 1401 641 1441; x_wconf 84' lang='lat' dir='ltr'><strong>ille</strong></span> <span class='ocrx_word' id='word_1_155' title='bbox 658 1414 872 1441; x_wconf 86' lang='lat' dir='ltr'><strong>concursus</strong></span> <span class='ocrx_word' id='word_1_156' title='bbox 893 1399 1106 1451; x_wconf 86' lang='lat' dir='ltr'><strong>hominum,</strong></span> <span class='ocrx_word' id='word_1_157' title='bbox 1135 1413 1225 1440; x_wconf 90' lang='lat' dir='ltr'><strong>num</strong></span> <span class='ocrx_word' id='word_1_158' title='bbox 1246 1397 1401 1441; x_wconf 88' lang='lat' dir='ltr'><strong>Claudii</strong></span> <span class='ocrx_word' id='word_1_159' title='bbox 1423 1401 1535 1441; x_wconf 88' lang='lat' dir='ltr'><strong>funus</strong></span> <span class='ocrx_word' id='word_1_160' title='bbox 1554 1402 1686 1442; x_wconf 77' lang='lat' dir='ltr'><strong>esset?</strong></span> 
     </span>
     <span class='ocr_line' id='line_1_21' title="bbox 250 1466 1705 1521; baseline 0.001 -13"><span class='ocrx_word' id='word_1_161' title='bbox 250 1467 304 1508; x_wconf 82' lang='lat' dir='ltr'><strong>Et</strong></span> <span class='ocrx_word' id='word_1_162' title='bbox 333 1475 419 1509; x_wconf 82' lang='lat' dir='ltr'><strong>erat</strong></span> <span class='ocrx_word' id='word_1_163' title='bbox 446 1467 616 1508; x_wconf 91' lang='lat' dir='ltr'><strong>omnium</strong></span> <span class='ocrx_word' id='word_1_164' title='bbox 642 1467 965 1508; x_wconf 89' lang='lat' dir='ltr'><strong>formosissimum</strong></span> <span class='ocrx_word' id='word_1_165' title='bbox 996 1473 1035 1507; x_wconf 82' lang='lat' dir='ltr'><strong>et</strong></span> <span class='ocrx_word' id='word_1_166' title='bbox 1055 1466 1218 1521; x_wconf 86' lang='lat' dir='ltr'><strong>inpensa</strong></span> <span class='ocrx_word' id='word_1_167' title='bbox 1247 1480 1366 1520; x_wconf 80' lang='lat' dir='ltr'><strong>cura„</strong></span> <span class='ocrx_word' id='word_1_168' title='bbox 1398 1466 1511 1520; x_wconf 87' lang='lat' dir='ltr'><strong>plane</strong></span> <span class='ocrx_word' id='word_1_169' title='bbox 1541 1474 1584 1507; x_wconf 82' lang='lat' dir='ltr'><strong>ut</strong></span> <span class='ocrx_word' id='word_1_170' title='bbox 1608 1467 1705 1509; x_wconf 87' lang='lat' dir='ltr'><strong>sci-·</strong></span> 
     </span>
     <span class='ocr_line' id='line_1_22' title="bbox 249 1523 1684 1587; baseline 0.001 -12"><span class='ocrx_word' id='word_1_171' title='bbox 249 1547 316 1577; x_wconf 87' lang='lat' dir='ltr'><strong>res</strong></span> <span class='ocrx_word' id='word_1_172' title='bbox 341 1535 454 1575; x_wconf 86' lang='lat' dir='ltr'><strong>deum</strong></span> <span class='ocrx_word' id='word_1_173' title='bbox 476 1534 633 1575; x_wconf 85' lang='lat' dir='ltr'><strong>efferri:</strong></span> <span class='ocrx_word' id='word_1_174' title='bbox 662 1534 884 1584; x_wconf 81' lang='lat' dir='ltr'><strong>tibicinum,</strong></span> <span class='ocrx_word' id='word_1_175' title='bbox 918 1533 1180 1583; x_wconf 87' lang='lat' dir='ltr'><strong>cornicinum,</strong></span> <span class='ocrx_word' id='word_1_176' title='bbox 1214 1533 1339 1574; x_wconf 88' lang='lat' dir='ltr'><strong>omnis</strong></span> <span class='ocrx_word' id='word_1_177' title='bbox 1357 1523 1516 1587; x_wconf 65' lang='lat' dir='ltr'><strong>generis</strong></span> <span class='ocrx_word' id='word_1_178' title='bbox 1539 1547 1684 1576; x_wconf 85' lang='lat' dir='ltr'><strong>aenea-</strong></span> 
     </span>
     <span class='ocr_line' id='line_1_23' title="bbox 249 1597 1684 1652; baseline 0.001 -10"><span class='ocrx_word' id='word_1_179' title='bbox 249 1608 378 1642; x_wconf 83' lang='lat' dir='ltr'><strong>torum</strong></span> <span class='ocrx_word' id='word_1_180' title='bbox 405 1608 513 1642; x_wconf 85' lang='lat' dir='ltr'><strong>tanta</strong></span> <span class='ocrx_word' id='word_1_181' title='bbox 542 1601 655 1641; x_wconf 83' lang='lat' dir='ltr'><strong>turba</strong></span> <span class='ocrx_word' id='word_1_182' title='bbox 670 1633 681 1652; x_wconf 83' lang='grc'>,</span> <span class='ocrx_word' id='word_1_183' title='bbox 715 1607 844 1641; x_wconf 79' lang='lat' dir='ltr'><strong>tantus</strong></span> <span class='ocrx_word' id='word_1_184' title='bbox 867 1607 1103 1651; x_wconf 82' lang='lat' dir='ltr'><strong>concentus,</strong></span> <span class='ocrx_word' id='word_1_185' title='bbox 1139 1606 1180 1640; x_wconf 77' lang='lat' dir='ltr'><strong>ut</strong></span> <span class='ocrx_word' id='word_1_186' title='bbox 1205 1600 1321 1640; x_wconf 81' lang='lat' dir='ltr'><strong>etiam</strong></span> <span class='ocrx_word' id='word_1_187' title='bbox 1343 1597 1529 1641; x_wconf 86' lang='lat' dir='ltr'><strong>Claudius</strong></span> <span class='ocrx_word' id='word_1_188' title='bbox 1548 1601 1684 1644; x_wconf 84' lang='lat' dir='ltr'><strong>audire</strong></span> 
     </span>
    </p>
   </div>
   <div class='ocr_carea' id='block_1_6' title="bbox 247 1677 1681 1758">
    <p class='ocr_par' dir='ltr' id='par_1_6' title="bbox 247 1677 1681 1758">
     <span class='ocr_line' id='line_1_24' title="bbox 247 1677 1680 1723; baseline 0 -11"><span class='ocrx_word' id='word_1_189' title='bbox 247 1682 348 1712; x_wconf 87' lang='lat' dir='ltr'><strong>Deum</strong></span> <span class='ocrx_word' id='word_1_190' title='bbox 369 1678 423 1711; x_wconf 89' lang='lat' dir='ltr'><strong>vel</strong></span> <span class='ocrx_word' id='word_1_191' title='bbox 445 1678 486 1711; x_wconf 89' lang='lat' dir='ltr'><strong>ci.</strong></span> <span class='ocrx_word' id='word_1_192' title='bbox 506 1693 552 1707; x_wconf 89' lang='lat'>=</span> <span class='ocrx_word' id='word_1_193' title='bbox 572 1681 678 1720; x_wconf 85' lang='lat' dir='ltr'><strong>dicat,</strong></span> <span class='ocrx_word' id='word_1_194' title='bbox 708 1681 750 1712; x_wconf 84' lang='lat' dir='ltr'><strong>in</strong></span> <span class='ocrx_word' id='word_1_195' title='bbox 771 1688 945 1712; x_wconf 82' lang='lat' dir='ltr'><strong>nervum</strong></span> <span class='ocrx_word' id='word_1_196' title='bbox 991 1677 1089 1710; x_wconf 83' lang='lat' dir='ltr'><strong>Curio</strong></span> <span class='ocrx_word' id='word_1_197' title='bbox 1110 1677 1508 1723; x_wconf 79' lang='lat' dir='ltr'><strong>ci.=advoeationem</strong></span> <span class='ocrx_word' id='word_1_198' title='bbox 1530 1680 1614 1712; x_wconf 80' lang='lat' dir='ltr'><strong>dari.</strong></span> <span class='ocrx_word' id='word_1_199' title='bbox 1657 1681 1680 1712; x_wconf 90' lang='lat' dir='ltr'>S</span> 
     </span>
     <span class='ocr_line' id='line_1_25' title="bbox 249 1723 1681 1758; baseline 0.001 -2"><span class='ocrx_word' id='word_1_200' title='bbox 249 1734 298 1756; x_wconf 86' lang='lat' dir='ltr'><strong>me</strong></span> <span class='ocrx_word' id='word_1_201' title='bbox 322 1726 428 1756; x_wconf 82' lang='lat' dir='ltr'><strong>ducat.</strong></span> <span class='ocrx_word' id='word_1_202' title='bbox 988 1737 1034 1751; x_wconf 90' lang='lat'>=</span> <span class='ocrx_word' id='word_1_203' title='bbox 1052 1725 1243 1756; x_wconf 80' lang='lat' dir='ltr'><strong>vocationem</strong></span> <span class='ocrx_word' id='word_1_204' title='bbox 1277 1724 1379 1755; x_wconf 85' lang='lat' dir='ltr'><strong>dare.</strong></span> <span class='ocrx_word' id='word_1_205' title='bbox 1428 1723 1459 1755; x_wconf 89' lang='lat' dir='ltr'>G</span> <span class='ocrx_word' id='word_1_206' title='bbox 1478 1738 1525 1753; x_wconf 94' lang='lat'><strong>==</strong></span> <span class='ocrx_word' id='word_1_207' title='bbox 1544 1726 1681 1758; x_wconf 79' lang='lat' dir='ltr'><strong>vindi-</strong></span> 
     </span>
    </p>
   </div>
   <div class='ocr_carea' id='block_1_7' title="bbox 1090 529 1812 584">
    <p class='ocr_par' dir='ltr' id='par_1_7' title="bbox 1090 529 1812 584">
     <span class='ocr_line' id='line_1_26' title="bbox 1090 529 1812 584; baseline 0.004 -14"><span class='ocrx_word' id='word_1_208' title='bbox 1090 529 1223 584; x_wconf 81' lang='lat' dir='ltr'><strong>Atque</strong></span> <span class='ocrx_word' id='word_1_209' title='bbox 1242 529 1297 571; x_wconf 80' lang='lat' dir='ltr'><strong>ita</strong></span> <span class='ocrx_word' id='word_1_210' title='bbox 1319 543 1372 571; x_wconf 84' lang='lat' dir='ltr'><strong>ex</strong></span> <span class='ocrx_word' id='word_1_211' title='bbox 1389 529 1532 572; x_wconf 82' lang='lat' dir='ltr'><strong>tabella</strong></span> <span class='ocrx_word' id='word_1_212' title='bbox 1551 530 1695 572; x_wconf 68' lang='lat' dir='ltr'><strong>recita-</strong></span> <span class='ocrx_word' id='word_1_213' title='bbox 1739 559 1744 562; x_wconf 93' lang='lat'><em>-</em></span> <span class='ocrx_word' id='word_1_214' title='bbox 1809 567 1812 573; x_wconf 94' lang='lat'><strong>.</strong></span> 
     </span>
    </p>
   </div>
   <div class='ocr_carea' id='block_1_8' title="bbox 225 1767 944 2878">
    <p class='ocr_par' dir='ltr' id='par_1_8' title="bbox 225 1767 944 2165">
     <span class='ocr_line' id='line_1_27' title="bbox 225 1767 943 1811; baseline -0.001 -10"><span class='ocrx_word' id='word_1_215' title='bbox 225 1809 228 1811; x_wconf 14' lang='lat' dir='ltr'>A</span> <span class='ocrx_word' id='word_1_216' title='bbox 293 1767 327 1801; x_wconf 85' lang='lat'><strong>3.</strong></span> <span class='ocrx_word' id='word_1_217' title='bbox 350 1771 420 1809; x_wconf 81' lang='lat' dir='ltr'><strong>quis</strong></span> <span class='ocrx_word' id='word_1_218' title='bbox 442 1770 570 1802; x_wconf 84' lang='lat' dir='ltr'><strong>credet?</strong></span> <span class='ocrx_word' id='word_1_219' title='bbox 593 1770 670 1801; x_wconf 83' lang='lat' dir='ltr'><strong>dum</strong></span> <span class='ocrx_word' id='word_1_220' title='bbox 691 1771 769 1802; x_wconf 87' lang='lat' dir='ltr'><strong>tales</strong></span> <span class='ocrx_word' id='word_1_221' title='bbox 790 1783 836 1797; x_wconf 90' lang='lat'>=</span> <span class='ocrx_word' id='word_1_222' title='bbox 856 1768 943 1800; x_wconf 90' lang='lat' dir='ltr'><strong>VSG</strong></span> 
     </span>
     <span class='ocr_line' id='line_1_28' title="bbox 248 1813 942 1854; baseline -0.001 -9"><span class='ocrx_word' id='word_1_223' title='bbox 248 1813 323 1851; x_wconf 86' lang='lat' dir='ltr'><strong>Dal.</strong></span> <span class='ocrx_word' id='word_1_224' title='bbox 392 1813 456 1848; x_wconf 56' lang='lat'><strong>(21.</strong></span> <span class='ocrx_word' id='word_1_225' title='bbox 485 1818 519 1852; x_wconf 72' lang='grc' dir='ltr'><strong>-ὶ-</strong></span> <span class='ocrx_word' id='word_1_226' title='bbox 546 1814 616 1854; x_wconf 82' lang='lat' dir='ltr'><strong>quis</strong></span> <span class='ocrx_word' id='word_1_227' title='bbox 638 1816 738 1847; x_wconf 79' lang='lat' dir='ltr'><strong>credet</strong></span> <span class='ocrx_word' id='word_1_228' title='bbox 760 1816 802 1846; x_wconf 82' lang='lat' dir='ltr'><strong>in</strong></span> <span class='ocrx_word' id='word_1_229' title='bbox 828 1823 872 1846; x_wconf 86' lang='lat' dir='ltr'><strong>eu</strong></span> <span class='ocrx_word' id='word_1_230' title='bbox 882 1823 914 1844; x_wconf 86' lang='lat' dir='ltr'><strong>m</strong></span> <span class='ocrx_word' id='word_1_231' title='bbox 926 1815 942 1845; x_wconf 71' lang='grc' dir='ltr'><strong>ἱ)</strong></span> 
     </span>
     <span class='ocr_line' id='line_1_29' title="bbox 249 1858 937 1898; baseline 0.007 -8"><span class='ocrx_word' id='word_1_232' title='bbox 249 1859 429 1898; x_wconf 79' lang='lat' dir='ltr'><strong>denique</strong></span> <span class='ocrx_word' id='word_1_233' title='bbox 453 1860 529 1891; x_wconf 80' lang='lat' dir='ltr'><strong>dum</strong></span> <span class='ocrx_word' id='word_1_234' title='bbox 551 1861 637 1891; x_wconf 81' lang='lat' dir='ltr'><strong>tales.</strong></span> <span class='ocrx_word' id='word_1_235' title='bbox 685 1859 748 1893; x_wconf 60' lang='grc' dir='ltr'><strong>ΘΔ.</strong></span> <span class='ocrx_word' id='word_1_236' title='bbox 763 1881 800 1893; x_wconf 76' lang='lat'><strong>...</strong></span> <span class='ocrx_word' id='word_1_237' title='bbox 814 1858 883 1893; x_wconf 54' lang='lat'><strong>432.</strong></span> <span class='ocrx_word' id='word_1_238' title='bbox 903 1862 937 1895; x_wconf 82' lang='lat' dir='ltr'><strong>-l-</strong></span> 
     </span>
     <span class='ocr_line' id='line_1_30' title="bbox 247 1904 941 1943; baseline 0 -8"><span class='ocrx_word' id='word_1_239' title='bbox 247 1905 318 1943; x_wconf 79' lang='lat' dir='ltr'><strong>quis</strong></span> <span class='ocrx_word' id='word_1_240' title='bbox 340 1904 467 1935; x_wconf 87' lang='lat' dir='ltr'><strong>credet?</strong></span> <span class='ocrx_word' id='word_1_241' title='bbox 492 1905 669 1943; x_wconf 84' lang='lat' dir='ltr'><strong>denique</strong></span> <span class='ocrx_word' id='word_1_242' title='bbox 693 1905 769 1935; x_wconf 79' lang='lat' dir='ltr'><strong>dum</strong></span> <span class='ocrx_word' id='word_1_243' title='bbox 792 1906 877 1935; x_wconf 85' lang='lat' dir='ltr'><strong>tales.</strong></span> <span class='ocrx_word' id='word_1_244' title='bbox 911 1904 941 1935; x_wconf 90' lang='lat' dir='ltr'><strong>V</strong></span> 
     </span>
     <span class='ocr_line' id='line_1_31' title="bbox 248 1949 944 1988; baseline 0.001 -9"><span class='ocrx_word' id='word_1_245' title='bbox 248 1962 294 1975; x_wconf 86' lang='lat'><strong><em>=</em></strong></span> <span class='ocrx_word' id='word_1_246' title='bbox 308 1950 335 1979; x_wconf 89' lang='lat' dir='ltr'><strong>si</strong></span> <span class='ocrx_word' id='word_1_247' title='bbox 355 1949 434 1980; x_wconf 82' lang='lat' dir='ltr'><strong>nulli</strong></span> <span class='ocrx_word' id='word_1_248' title='bbox 456 1959 471 1981; x_wconf 93' lang='lat' dir='ltr'><strong>c</strong></span> <span class='ocrx_word' id='word_1_249' title='bbox 482 1951 519 1980; x_wconf 89' lang='lat' dir='ltr'><strong>la</strong></span> <span class='ocrx_word' id='word_1_250' title='bbox 530 1958 546 1980; x_wconf 88' lang='lat' dir='ltr'><strong>r</strong></span> <span class='ocrx_word' id='word_1_251' title='bbox 557 1959 578 1980; x_wconf 85' lang='lat' dir='ltr'><strong><em>u</em></strong></span> <span class='ocrx_word' id='word_1_252' title='bbox 588 1959 602 1980; x_wconf 91' lang='lat' dir='ltr'><strong>s</strong></span> <span class='ocrx_word' id='word_1_253' title='bbox 624 1949 778 1988; x_wconf 83' lang='lat' dir='ltr'><strong>respondi.</strong></span> <span class='ocrx_word' id='word_1_254' title='bbox 825 1949 846 1979; x_wconf 87' lang='lat' dir='ltr'>S</span> <span class='ocrx_word' id='word_1_255' title='bbox 859 1963 904 1975; x_wconf 94' lang='lat'><strong><em>=</em></strong></span> <span class='ocrx_word' id='word_1_256' title='bbox 916 1950 944 1980; x_wconf 83' lang='lat' dir='ltr'><strong>si</strong></span> 
     </span>
     <span class='ocr_line' id='line_1_32' title="bbox 247 1993 943 2033; baseline 0.001 -9"><span class='ocrx_word' id='word_1_257' title='bbox 247 1994 327 2024; x_wconf 84' lang='lat' dir='ltr'><strong>nulli</strong></span> <span class='ocrx_word' id='word_1_258' title='bbox 349 2003 364 2024; x_wconf 90' lang='lat' dir='ltr'><strong>c</strong></span> <span class='ocrx_word' id='word_1_259' title='bbox 375 1994 384 2024; x_wconf 90' lang='lat' dir='ltr'><strong>l</strong></span> <span class='ocrx_word' id='word_1_260' title='bbox 395 1996 461 2025; x_wconf 80' lang='lat' dir='ltr'><strong>ari</strong></span> <span class='ocrx_word' id='word_1_261' title='bbox 472 2004 516 2025; x_wconf 83' lang='lat' dir='ltr'><strong>us</strong></span> <span class='ocrx_word' id='word_1_262' title='bbox 537 1995 691 2033; x_wconf 80' lang='lat' dir='ltr'><strong>respondi.</strong></span> <span class='ocrx_word' id='word_1_263' title='bbox 718 1993 748 2024; x_wconf 89' lang='lat' dir='ltr'><strong>G</strong></span> <span class='ocrx_word' id='word_1_264' title='bbox 760 2008 805 2020; x_wconf 87' lang='lat'>=</span> <span class='ocrx_word' id='word_1_265' title='bbox 816 1995 843 2025; x_wconf 85' lang='lat' dir='ltr'><strong>si</strong></span> <span class='ocrx_word' id='word_1_266' title='bbox 864 1995 943 2025; x_wconf 83' lang='lat' dir='ltr'><strong>nulli</strong></span> 
     </span>
     <span class='ocr_line' id='line_1_33' title="bbox 247 2038 942 2078; baseline 0.001 -10"><span class='ocrx_word' id='word_1_267' title='bbox 247 2038 374 2069; x_wconf 79' lang='lat' dir='ltr'><strong>durus</strong></span> <span class='ocrx_word' id='word_1_268' title='bbox 395 2039 551 2078; x_wconf 83' lang='lat' dir='ltr'><strong>respondi.</strong></span> <span class='ocrx_word' id='word_1_269' title='bbox 584 2039 615 2070; x_wconf 89' lang='lat' dir='ltr'><strong>V</strong></span> <span class='ocrx_word' id='word_1_270' title='bbox 627 2053 672 2065; x_wconf 89' lang='lat'><strong><em>=</em></strong></span> <span class='ocrx_word' id='word_1_271' title='bbox 685 2047 739 2078; x_wconf 83' lang='lat' dir='ltr'><strong>e90</strong></span> <span class='ocrx_word' id='word_1_272' title='bbox 760 2048 838 2078; x_wconf 83' lang='lat' dir='ltr'><strong>pra</strong></span> <span class='ocrx_word' id='word_1_273' title='bbox 850 2048 942 2070; x_wconf 85' lang='lat' dir='ltr'><strong>esen</strong></span> 
     </span>
     <span class='ocr_line' id='line_1_34' title="bbox 249 2080 940 2125; baseline 0.006 -14"><span class='ocrx_word' id='word_1_274' title='bbox 249 2080 279 2124; x_wconf 87' lang='lat' dir='ltr'><strong>[s</strong></span> <span class='ocrx_word' id='word_1_275' title='bbox 303 2083 347 2112; x_wconf 81' lang='lat' dir='ltr'><strong>tia</strong></span> <span class='ocrx_word' id='word_1_276' title='bbox 369 2083 454 2125; x_wconf 79' lang='lat' dir='ltr'><strong>mea]</strong></span> <span class='ocrx_word' id='word_1_277' title='bbox 482 2084 538 2114; x_wconf 86' lang='lat' dir='ltr'><strong>hoc</strong></span> <span class='ocrx_word' id='word_1_278' title='bbox 560 2092 676 2116; x_wconf 77' lang='lat' dir='ltr'><strong>censen.</strong></span> <span class='ocrx_word' id='word_1_279' title='bbox 724 2084 750 2113; x_wconf 80' lang='lat' dir='ltr'><strong>G</strong></span> <span class='ocrx_word' id='word_1_280' title='bbox 765 2098 811 2110; x_wconf 90' lang='lat'><strong><em>=</em></strong></span> <span class='ocrx_word' id='word_1_281' title='bbox 831 2085 858 2114; x_wconf 89' lang='lat' dir='ltr'><em>E</em></span> <span class='ocrx_word' id='word_1_282' title='bbox 866 2093 883 2115; x_wconf 88' lang='lat' dir='ltr'><strong>r</strong></span> <span class='ocrx_word' id='word_1_283' title='bbox 891 2093 910 2122; x_wconf 79' lang='lat'><em>9</em></span> <span class='ocrx_word' id='word_1_284' title='bbox 923 2092 940 2114; x_wconf 93' lang='grc' dir='ltr'><em>ο</em></span> 
     </span>
     <span class='ocr_line' id='line_1_35' title="bbox 244 2128 821 2165; baseline 0.003 -9"><span class='ocrx_word' id='word_1_285' title='bbox 244 2129 500 2165; x_wconf 83' lang='lat' dir='ltr'><strong>praesentia</strong></span> <span class='ocrx_word' id='word_1_286' title='bbox 523 2136 594 2157; x_wconf 85' lang='lat' dir='ltr'><strong>mea</strong></span> <span class='ocrx_word' id='word_1_287' title='bbox 616 2128 672 2158; x_wconf 84' lang='lat' dir='ltr'><strong>hoc</strong></span> <span class='ocrx_word' id='word_1_288' title='bbox 694 2137 821 2159; x_wconf 84' lang='lat' dir='ltr'><strong>censes.</strong></span> 
     </span>
    </p>

    <p class='ocr_par' dir='ltr' id='par_1_9' title="bbox 241 2167 939 2342">
     <span class='ocr_line' id='line_1_36' title="bbox 290 2167 939 2208; baseline 0.006 -8"><span class='ocrx_word' id='word_1_289' title='bbox 290 2167 323 2200; x_wconf 84' lang='lat'><strong>4.</strong></span> <span class='ocrx_word' id='word_1_290' title='bbox 344 2169 376 2201; x_wconf 91' lang='lat' dir='ltr'><strong>V</strong></span> <span class='ocrx_word' id='word_1_291' title='bbox 390 2183 436 2196; x_wconf 91' lang='lat'>=</span> <span class='ocrx_word' id='word_1_292' title='bbox 457 2171 602 2208; x_wconf 82' lang='lat' dir='ltr'><strong>Quanto</strong></span> <span class='ocrx_word' id='word_1_293' title='bbox 624 2172 759 2208; x_wconf 82' lang='lat' dir='ltr'><strong>quidem.</strong></span> <span class='ocrx_word' id='word_1_294' title='bbox 807 2168 869 2203; x_wconf 58' lang='grc'><strong>61.</strong></span> <span class='ocrx_word' id='word_1_295' title='bbox 883 2192 892 2203; x_wconf 80' lang='lat'><strong>.</strong></span> <span class='ocrx_word' id='word_1_296' title='bbox 905 2193 915 2203; x_wconf 72' lang='lat'><strong>.</strong></span> <span class='ocrx_word' id='word_1_297' title='bbox 928 2192 939 2204; x_wconf 76' lang='lat'><strong>.</strong></span> 
     </span>
     <span class='ocr_line' id='line_1_37' title="bbox 246 2213 938 2253; baseline -0.004 -6"><span class='ocrx_word' id='word_1_298' title='bbox 246 2213 279 2247; x_wconf 65' lang='lat'><strong>(5</strong></span> <span class='ocrx_word' id='word_1_299' title='bbox 301 2227 347 2240; x_wconf 94' lang='lat'>=</span> <span class='ocrx_word' id='word_1_300' title='bbox 368 2223 384 2244; x_wconf 92' lang='lat' dir='ltr'><strong>c</strong></span> <span class='ocrx_word' id='word_1_301' title='bbox 395 2224 440 2245; x_wconf 85' lang='grc' dir='ltr'><strong>οη</strong></span> <span class='ocrx_word' id='word_1_302' title='bbox 450 2222 587 2245; x_wconf 82' lang='lat' dir='ltr'><strong>socerum</strong></span> <span class='ocrx_word' id='word_1_303' title='bbox 607 2223 709 2245; x_wconf 85' lang='lat' dir='ltr'><strong>suum.</strong></span> <span class='ocrx_word' id='word_1_304' title='bbox 757 2214 786 2245; x_wconf 91' lang='lat' dir='ltr'><strong>V</strong></span> <span class='ocrx_word' id='word_1_305' title='bbox 807 2228 852 2240; x_wconf 94' lang='lat'><strong><em>=</em></strong></span> <span class='ocrx_word' id='word_1_306' title='bbox 874 2215 938 2253; x_wconf 86' lang='lat' dir='ltr'><strong>Ap-</strong></span> 
     </span>
     <span class='ocr_line' id='line_1_38' title="bbox 241 2257 938 2301; baseline 0.004 -12"><span class='ocrx_word' id='word_1_307' title='bbox 241 2259 357 2298; x_wconf 83' lang='lat' dir='ltr'><strong>piam</strong></span> <span class='ocrx_word' id='word_1_308' title='bbox 382 2257 411 2301; x_wconf 89' lang='lat' dir='ltr'><strong>[s</strong></span> <span class='ocrx_word' id='word_1_309' title='bbox 435 2257 471 2301; x_wconf 88' lang='lat' dir='ltr'><strong>u]</strong></span> <span class='ocrx_word' id='word_1_310' title='bbox 498 2259 689 2289; x_wconf 77' lang='lat' dir='ltr'><strong>Sillanum.</strong></span> <span class='ocrx_word' id='word_1_311' title='bbox 741 2257 835 2292; x_wconf 67' lang='lat' dir='ltr'><strong>Gffl.</strong></span> <span class='ocrx_word' id='word_1_312' title='bbox 847 2280 880 2293; x_wconf 60' lang='lat'><strong>0.</strong></span> <span class='ocrx_word' id='word_1_313' title='bbox 892 2280 903 2293; x_wconf 68' lang='lat'><strong>.</strong></span> <span class='ocrx_word' id='word_1_314' title='bbox 915 2259 938 2292; x_wconf 62' lang='grc' dir='ltr'>ἓ</span> 
     </span>
     <span class='ocr_line' id='line_1_39' title="bbox 245 2302 733 2342; baseline -0.006 -6"><span class='ocrx_word' id='word_1_315' title='bbox 245 2302 297 2342; x_wconf 64' lang='grc' dir='ltr'><strong>ΞΠ</strong></span> <span class='ocrx_word' id='word_1_316' title='bbox 310 2317 355 2340; x_wconf 77' lang='grc'><strong>-,-</strong></span> <span class='ocrx_word' id='word_1_317' title='bbox 367 2304 503 2342; x_wconf 84' lang='lat' dir='ltr'><strong>Appium</strong></span> <span class='ocrx_word' id='word_1_318' title='bbox 525 2303 548 2333; x_wconf 88' lang='lat' dir='ltr'><strong><em>S</em></strong></span> <span class='ocrx_word' id='word_1_319' title='bbox 557 2303 595 2340; x_wconf 78' lang='lat' dir='ltr'><strong>yl</strong></span> <span class='ocrx_word' id='word_1_320' title='bbox 607 2304 616 2332; x_wconf 96' lang='lat' dir='ltr'><strong>l</strong></span> <span class='ocrx_word' id='word_1_321' title='bbox 627 2312 733 2334; x_wconf 87' lang='lat' dir='ltr'><strong>anum.</strong></span> 
     </span>
    </p>

    <p class='ocr_par' dir='ltr' id='par_1_10' title="bbox 242 2346 938 2602">
     <span class='ocr_line' id='line_1_40' title="bbox 289 2346 938 2388; baseline -0.002 -9"><span class='ocrx_word' id='word_1_322' title='bbox 289 2349 441 2388; x_wconf 70' lang='lat' dir='ltr'><strong>Magnum</strong></span> <span class='ocrx_word' id='word_1_323' title='bbox 459 2348 696 2385; x_wconf 80' lang='lat' dir='ltr'><strong>Pompeium=</strong></span> <span class='ocrx_word' id='word_1_324' title='bbox 707 2347 805 2379; x_wconf 90' lang='lat' dir='ltr'><strong>VSG.</strong></span> <span class='ocrx_word' id='word_1_325' title='bbox 874 2346 938 2382; x_wconf 64' lang='lat' dir='ltr'><strong>ffl.</strong></span> 
     </span>
     <span class='ocr_line' id='line_1_41' title="bbox 243 2391 938 2432; baseline -0.004 -5"><span class='ocrx_word' id='word_1_326' title='bbox 243 2413 283 2427; x_wconf 55' lang='grc' dir='ltr'><strong>ι..</strong></span> <span class='ocrx_word' id='word_1_327' title='bbox 297 2391 366 2426; x_wconf 60' lang='lat'><strong>982.</strong></span> <span class='ocrx_word' id='word_1_328' title='bbox 380 2406 424 2418; x_wconf 95' lang='lat'><strong><em>=</em></strong></span> <span class='ocrx_word' id='word_1_329' title='bbox 438 2393 620 2430; x_wconf 85' lang='lat' dir='ltr'><strong>Pompeium</strong></span> <span class='ocrx_word' id='word_1_330' title='bbox 643 2394 804 2432; x_wconf 67' lang='lat' dir='ltr'><strong>Magnum.</strong></span> <span class='ocrx_word' id='word_1_331' title='bbox 848 2392 878 2424; x_wconf 90' lang='lat' dir='ltr'><strong>V</strong></span> <span class='ocrx_word' id='word_1_332' title='bbox 892 2406 938 2419; x_wconf 90' lang='lat'><strong>==</strong></span> 
     </span>
     <span class='ocr_line' id='line_1_42' title="bbox 245 2435 936 2476; baseline 0 -8"><span class='ocrx_word' id='word_1_333' title='bbox 245 2438 281 2468; x_wconf 86' lang='lat' dir='ltr'><strong>L.</strong></span> <span class='ocrx_word' id='word_1_334' title='bbox 306 2437 500 2468; x_wconf 82' lang='lat' dir='ltr'><strong>Sillanum.</strong></span> <span class='ocrx_word' id='word_1_335' title='bbox 549 2435 579 2466; x_wconf 88' lang='lat' dir='ltr'>G</span> <span class='ocrx_word' id='word_1_336' title='bbox 593 2435 656 2471; x_wconf 59' lang='lat'><strong>(21.</strong></span> <span class='ocrx_word' id='word_1_337' title='bbox 670 2438 811 2476; x_wconf 57' lang='lat'><strong>...2321</strong></span> <span class='ocrx_word' id='word_1_338' title='bbox 830 2451 875 2464; x_wconf 83' lang='lat'>=</span> <span class='ocrx_word' id='word_1_339' title='bbox 898 2438 936 2468; x_wconf 91' lang='lat' dir='ltr'><strong>L.</strong></span> 
     </span>
     <span class='ocr_line' id='line_1_43' title="bbox 244 2481 938 2522; baseline 0.001 -10"><span class='ocrx_word' id='word_1_340' title='bbox 244 2482 298 2520; x_wconf 82' lang='lat' dir='ltr'><strong>Sy</strong></span> <span class='ocrx_word' id='word_1_341' title='bbox 310 2482 339 2512; x_wconf 89' lang='lat' dir='ltr'><strong>ll</strong></span> <span class='ocrx_word' id='word_1_342' title='bbox 350 2490 457 2513; x_wconf 83' lang='lat' dir='ltr'><strong>anum.</strong></span> <span class='ocrx_word' id='word_1_343' title='bbox 503 2481 586 2514; x_wconf 89' lang='lat' dir='ltr'><strong>V==</strong></span> <span class='ocrx_word' id='word_1_344' title='bbox 597 2490 735 2513; x_wconf 85' lang='lat' dir='ltr'><strong>socerum</strong></span> <span class='ocrx_word' id='word_1_345' title='bbox 757 2483 840 2522; x_wconf 74' lang='lat' dir='ltr'><strong>filiae</strong></span> <span class='ocrx_word' id='word_1_346' title='bbox 863 2491 938 2513; x_wconf 85' lang='lat' dir='ltr'><strong>suae</strong></span> 
     </span>
     <span class='ocr_line' id='line_1_44' title="bbox 245 2525 937 2558; baseline 0.001 -1"><span class='ocrx_word' id='word_1_347' title='bbox 245 2527 270 2556; x_wconf 91' lang='lat' dir='ltr'><strong><em>G</em></strong></span> <span class='ocrx_word' id='word_1_348' title='bbox 282 2534 298 2557; x_wconf 91' lang='lat' dir='ltr'><strong>r</strong></span> <span class='ocrx_word' id='word_1_349' title='bbox 308 2535 329 2557; x_wconf 90' lang='lat' dir='ltr'><strong>a</strong></span> <span class='ocrx_word' id='word_1_350' title='bbox 338 2535 441 2557; x_wconf 87' lang='lat' dir='ltr'><strong>ssum.</strong></span> <span class='ocrx_word' id='word_1_351' title='bbox 490 2525 521 2557; x_wconf 91' lang='lat' dir='ltr'><strong>G</strong></span> <span class='ocrx_word' id='word_1_352' title='bbox 539 2540 585 2553; x_wconf 88' lang='lat'>=</span> <span class='ocrx_word' id='word_1_353' title='bbox 612 2527 808 2558; x_wconf 81' lang='lat' dir='ltr'><strong>Scriboniam</strong></span> <span class='ocrx_word' id='word_1_354' title='bbox 840 2536 890 2558; x_wconf 84' lang='lat' dir='ltr'><strong>soc</strong></span> <span class='ocrx_word' id='word_1_355' title='bbox 899 2535 914 2558; x_wconf 91' lang='lat' dir='ltr'><strong>e</strong></span> <span class='ocrx_word' id='word_1_356' title='bbox 924 2544 937 2550; x_wconf 90' lang='lat'><em>-</em></span> 
     </span>
     <span class='ocr_line' id='line_1_45' title="bbox 242 2579 323 2602; baseline 0 -1"><span class='ocrx_word' id='word_1_357' title='bbox 242 2579 323 2602; x_wconf 82' lang='lat' dir='ltr'><strong>rum.</strong></span> 
     </span>
    </p>

    <p class='ocr_par' dir='ltr' id='par_1_11' title="bbox 238 2614 937 2878">
     <span class='ocr_line' id='line_1_46' title="bbox 287 2614 913 2647; baseline 0.003 -2"><span class='ocrx_word' id='word_1_358' title='bbox 287 2624 417 2647; x_wconf 80' lang='lat' dir='ltr'><strong>uxorem</strong></span> <span class='ocrx_word' id='word_1_359' title='bbox 435 2624 527 2646; x_wconf 84' lang='lat' dir='ltr'><strong>suam</strong></span> <span class='ocrx_word' id='word_1_360' title='bbox 545 2616 748 2647; x_wconf 85' lang='lat' dir='ltr'><strong>Messalinam</strong></span> <span class='ocrx_word' id='word_1_361' title='bbox 759 2630 804 2642; x_wconf 92' lang='lat'><strong><em>=</em></strong></span> <span class='ocrx_word' id='word_1_362' title='bbox 815 2615 866 2646; x_wconf 84' lang='lat' dir='ltr'><strong>Vs</strong></span> <span class='ocrx_word' id='word_1_363' title='bbox 873 2614 913 2647; x_wconf 86' lang='lat' dir='ltr'><strong>G.</strong></span> 
     </span>
     <span class='ocr_line' id='line_1_47' title="bbox 243 2658 937 2694; baseline 0 -4"><span class='ocrx_word' id='word_1_364' title='bbox 243 2658 306 2692; x_wconf 55' lang='lat'><strong>51.</strong></span> <span class='ocrx_word' id='word_1_365' title='bbox 329 2682 340 2693; x_wconf 60' lang='lat'><em>0</em></span> <span class='ocrx_word' id='word_1_366' title='bbox 353 2684 362 2691; x_wconf 82' lang='grc'><strong>.</strong></span> <span class='ocrx_word' id='word_1_367' title='bbox 378 2683 389 2693; x_wconf 83' lang='grc'><strong>.</strong></span> <span class='ocrx_word' id='word_1_368' title='bbox 411 2659 480 2694; x_wconf 70' lang='grc' dir='ltr'><strong>Ξὸἳ.</strong></span> <span class='ocrx_word' id='word_1_369' title='bbox 499 2674 545 2687; x_wconf 82' lang='grc'><strong>--·</strong></span> <span class='ocrx_word' id='word_1_370' title='bbox 565 2661 766 2691; x_wconf 82' lang='lat' dir='ltr'><strong>Messalinam</strong></span> <span class='ocrx_word' id='word_1_371' title='bbox 807 2668 937 2691; x_wconf 77' lang='lat' dir='ltr'><strong>uxorem</strong></span> 
     </span>
     <span class='ocr_line' id='line_1_48' title="bbox 241 2703 934 2739; baseline 0.003 -5"><span class='ocrx_word' id='word_1_372' title='bbox 241 2712 343 2736; x_wconf 81' lang='lat' dir='ltr'><strong>suam.</strong></span> <span class='ocrx_word' id='word_1_373' title='bbox 389 2705 419 2736; x_wconf 92' lang='lat' dir='ltr'><strong>V</strong></span> <span class='ocrx_word' id='word_1_374' title='bbox 431 2703 493 2739; x_wconf 58' lang='lat' dir='ltr'><strong>&amp;L</strong></span> <span class='ocrx_word' id='word_1_375' title='bbox 507 2727 546 2739; x_wconf 56' lang='lat' dir='ltr'><strong>m</strong></span> <span class='ocrx_word' id='word_1_376' title='bbox 562 2706 594 2738; x_wconf 66' lang='lat' dir='ltr'><strong>(S)</strong></span> <span class='ocrx_word' id='word_1_377' title='bbox 607 2714 807 2736; x_wconf 78' lang='lat' dir='ltr'><strong>:numerus</strong></span> <span class='ocrx_word' id='word_1_378' title='bbox 827 2703 934 2739; x_wconf 55' lang='lat' dir='ltr'><strong>in&#39;ve-</strong></span> 
     </span>
     <span class='ocr_line' id='line_1_49' title="bbox 240 2749 935 2787; baseline 0.003 -9"><span class='ocrx_word' id='word_1_379' title='bbox 240 2749 319 2779; x_wconf 83' lang='lat' dir='ltr'><strong>niri</strong></span> <span class='ocrx_word' id='word_1_380' title='bbox 350 2758 411 2780; x_wconf 81' lang='lat' dir='ltr'><strong>non</strong></span> <span class='ocrx_word' id='word_1_381' title='bbox 432 2751 543 2787; x_wconf 84' lang='lat' dir='ltr'><strong>potuit.</strong></span> <span class='ocrx_word' id='word_1_382' title='bbox 590 2749 621 2780; x_wconf 88' lang='lat' dir='ltr'><strong>G</strong></span> <span class='ocrx_word' id='word_1_383' title='bbox 640 2763 686 2777; x_wconf 90' lang='lat'><strong><em>=</em></strong></span> <span class='ocrx_word' id='word_1_384' title='bbox 704 2758 852 2781; x_wconf 82' lang='lat' dir='ltr'><strong>numerus</strong></span> <span class='ocrx_word' id='word_1_385' title='bbox 872 2758 935 2780; x_wconf 85' lang='lat' dir='ltr'><strong>non</strong></span> 
     </span>
     <span class='ocr_line' id='line_1_50' title="bbox 239 2792 934 2831; baseline 0 -8"><span class='ocrx_word' id='word_1_386' title='bbox 239 2793 411 2824; x_wconf 82' lang='lat' dir='ltr'><strong>inveniri</strong></span> <span class='ocrx_word' id='word_1_387' title='bbox 430 2795 540 2831; x_wconf 83' lang='lat' dir='ltr'><strong>potuit.</strong></span> <span class='ocrx_word' id='word_1_388' title='bbox 578 2795 599 2824; x_wconf 91' lang='lat' dir='ltr'>S</span> <span class='ocrx_word' id='word_1_389' title='bbox 615 2806 665 2826; x_wconf 76' lang='grc' dir='ltr'><strong>ω.</strong></span> <span class='ocrx_word' id='word_1_390' title='bbox 697 2794 762 2826; x_wconf 91' lang='lat' dir='ltr'><strong>Vm</strong></span> <span class='ocrx_word' id='word_1_391' title='bbox 775 2793 848 2825; x_wconf 92' lang='lat' dir='ltr'><strong>cod.</strong></span> <span class='ocrx_word' id='word_1_392' title='bbox 866 2792 934 2824; x_wconf 89' lang='lat' dir='ltr'><strong>Cu-</strong></span> 
     </span>
     <span class='ocr_line' id='line_1_51' title="bbox 238 2835 930 2878; baseline -0.003 -6"><span class='ocrx_word' id='word_1_393' title='bbox 238 2835 340 2868; x_wconf 83' lang='lat' dir='ltr'><strong>rionis</strong></span> <span class='ocrx_word' id='word_1_394' title='bbox 361 2838 406 2872; x_wconf 58' lang='lat' dir='ltr'><strong>⁵.)ss</strong></span> <span class='ocrx_word' id='word_1_395' title='bbox 418 2859 456 2873; x_wconf 50' lang='grc' dir='ltr'><strong>Ν.</strong></span> <span class='ocrx_word' id='word_1_396' title='bbox 470 2837 545 2878; x_wconf 63' lang='lat'><strong>2311</strong></span> <span class='ocrx_word' id='word_1_397' title='bbox 556 2852 600 2866; x_wconf 91' lang='lat'>=</span> <span class='ocrx_word' id='word_1_398' title='bbox 614 2848 635 2871; x_wconf 91' lang='lat' dir='ltr'><em>v</em></span> <span class='ocrx_word' id='word_1_399' title='bbox 646 2849 662 2871; x_wconf 92' lang='grc' dir='ltr'><strong><em>ο</em></strong></span> <span class='ocrx_word' id='word_1_400' title='bbox 673 2840 824 2871; x_wconf 68' lang='lat' dir='ltr'><strong>canonem</strong></span> <span class='ocrx_word' id='word_1_401' title='bbox 847 2839 930 2870; x_wconf 78' lang='lat' dir='ltr'><strong>dari.</strong></span> 
     </span>
    </p>
   </div>
   <div class='ocr_carea' id='block_1_9' title="bbox 979 1769 1680 2879">
    <p class='ocr_par' dir='ltr' id='par_1_12' title="bbox 988 1769 1533 1802">
     <span class='ocr_line' id='line_1_52' title="bbox 988 1769 1533 1802; baseline 0.002 -2"><span class='ocrx_word' id='word_1_402' title='bbox 988 1769 1164 1800; x_wconf 83' lang='lat' dir='ltr'><strong>candarum</strong></span> <span class='ocrx_word' id='word_1_403' title='bbox 1186 1777 1206 1800; x_wconf 88' lang='lat' dir='ltr'><em>v</em></span> <span class='ocrx_word' id='word_1_404' title='bbox 1218 1778 1235 1799; x_wconf 91' lang='grc' dir='ltr'>ο</span> <span class='ocrx_word' id='word_1_405' title='bbox 1246 1778 1261 1800; x_wconf 90' lang='lat' dir='ltr'><strong>c</strong></span> <span class='ocrx_word' id='word_1_406' title='bbox 1272 1777 1315 1800; x_wconf 85' lang='lat' dir='ltr'><strong>ac</strong></span> <span class='ocrx_word' id='word_1_407' title='bbox 1325 1770 1364 1800; x_wconf 81' lang='lat' dir='ltr'><strong>in</strong></span> <span class='ocrx_word' id='word_1_408' title='bbox 1373 1778 1387 1799; x_wconf 92' lang='lat' dir='ltr'><strong>e</strong></span> <span class='ocrx_word' id='word_1_409' title='bbox 1396 1778 1428 1800; x_wconf 84' lang='lat' dir='ltr'><strong>m</strong></span> <span class='ocrx_word' id='word_1_410' title='bbox 1451 1770 1533 1802; x_wconf 82' lang='lat' dir='ltr'><strong>dari.</strong></span> 
     </span>
    </p>

    <p class='ocr_par' dir='ltr' id='par_1_13' title="bbox 980 1813 1680 2297">
     <span class='ocr_line' id='line_1_53' title="bbox 1032 1813 1679 1857; baseline 0.003 -13"><span class='ocrx_word' id='word_1_411' title='bbox 1032 1815 1116 1844; x_wconf 88' lang='lat' dir='ltr'><strong>intra</strong></span> <span class='ocrx_word' id='word_1_412' title='bbox 1138 1814 1265 1853; x_wconf 69' lang='lat' dir='ltr'><strong>triginta</strong></span> <span class='ocrx_word' id='word_1_413' title='bbox 1288 1814 1353 1844; x_wconf 83' lang='lat' dir='ltr'><strong>dies</strong></span> <span class='ocrx_word' id='word_1_414' title='bbox 1364 1828 1409 1841; x_wconf 93' lang='lat'>=</span> <span class='ocrx_word' id='word_1_415' title='bbox 1419 1813 1482 1845; x_wconf 91' lang='lat' dir='ltr'><strong>VG</strong></span> <span class='ocrx_word' id='word_1_416' title='bbox 1503 1813 1570 1857; x_wconf 74' lang='lat' dir='ltr'><strong>(hic</strong></span> <span class='ocrx_word' id='word_1_417' title='bbox 1594 1813 1679 1847; x_wconf 79' lang='lat' dir='ltr'><strong>scri-</strong></span> 
     </span>
     <span class='ocr_line' id='line_1_54' title="bbox 986 1856 1680 1899; baseline 0.004 -11"><span class='ocrx_word' id='word_1_418' title='bbox 986 1856 1037 1889; x_wconf 84' lang='lat' dir='ltr'><strong>bit</strong></span> <span class='ocrx_word' id='word_1_419' title='bbox 1047 1857 1192 1899; x_wconf 86' lang='lat' dir='ltr'><strong>XXX.).</strong></span> <span class='ocrx_word' id='word_1_420' title='bbox 1255 1858 1276 1888; x_wconf 92' lang='lat' dir='ltr'>S</span> <span class='ocrx_word' id='word_1_421' title='bbox 1290 1872 1334 1885; x_wconf 87' lang='lat'><strong><em>=</em></strong></span> <span class='ocrx_word' id='word_1_422' title='bbox 1347 1859 1440 1890; x_wconf 84' lang='lat' dir='ltr'><strong>inter</strong></span> <span class='ocrx_word' id='word_1_423' title='bbox 1457 1860 1585 1898; x_wconf 64' lang='lat' dir='ltr'><strong>triginta</strong></span> <span class='ocrx_word' id='word_1_424' title='bbox 1604 1861 1680 1892; x_wconf 83' lang='lat' dir='ltr'><strong>dies.</strong></span> 
     </span>
     <span class='ocr_line' id='line_1_55' title="bbox 989 1901 1676 1946; baseline 0 -10"><span class='ocrx_word' id='word_1_425' title='bbox 989 1903 1050 1936; x_wconf 65' lang='lat'><strong>(531.</strong></span> <span class='ocrx_word' id='word_1_426' title='bbox 1063 1925 1101 1937; x_wconf 65' lang='lat'><strong>..0</strong></span> <span class='ocrx_word' id='word_1_427' title='bbox 1115 1901 1185 1936; x_wconf 55' lang='lat' dir='ltr'><strong>m.</strong></span> <span class='ocrx_word' id='word_1_428' title='bbox 1198 1904 1333 1934; x_wconf 80' lang='lat' dir='ltr'><strong>=intra</strong></span> <span class='ocrx_word' id='word_1_429' title='bbox 1356 1904 1422 1934; x_wconf 80' lang='lat' dir='ltr'><strong>dies</strong></span> <span class='ocrx_word' id='word_1_430' title='bbox 1433 1904 1532 1935; x_wconf 90' lang='lat' dir='ltr'><strong><em>XXX.</em></strong></span> <span class='ocrx_word' id='word_1_431' title='bbox 1553 1903 1630 1946; x_wconf 63' lang='grc' dir='ltr'><strong>((ξῙ.</strong></span> <span class='ocrx_word' id='word_1_432' title='bbox 1641 1904 1676 1939; x_wconf 82' lang='lat'><strong>2.</strong></span> 
     </span>
     <span class='ocr_line' id='line_1_56' title="bbox 986 1947 1677 1988; baseline 0.003 -10"><span class='ocrx_word' id='word_1_433' title='bbox 986 1949 1199 1986; x_wconf 75' lang='lat' dir='ltr'><strong>=exportari</strong></span> <span class='ocrx_word' id='word_1_434' title='bbox 1213 1948 1303 1979; x_wconf 88' lang='lat' dir='ltr'><strong>coelo.</strong></span> <span class='ocrx_word' id='word_1_435' title='bbox 1327 1949 1411 1979; x_wconf 81' lang='lat' dir='ltr'><strong>intra</strong></span> <span class='ocrx_word' id='word_1_436' title='bbox 1425 1947 1491 1978; x_wconf 87' lang='lat' dir='ltr'><strong>dies</strong></span> <span class='ocrx_word' id='word_1_437' title='bbox 1507 1949 1608 1988; x_wconf 84' lang='lat' dir='ltr'><strong>XXX,</strong></span> <span class='ocrx_word' id='word_1_438' title='bbox 1623 1958 1677 1980; x_wconf 84' lang='lat' dir='ltr'><strong>ex-</strong></span> 
     </span>
     <span class='ocr_line' id='line_1_57' title="bbox 986 1993 1675 2031; baseline 0 -7"><span class='ocrx_word' id='word_1_439' title='bbox 986 1993 1091 2024; x_wconf 82' lang='lat' dir='ltr'><strong>cedere</strong></span> <span class='ocrx_word' id='word_1_440' title='bbox 1124 1993 1247 2031; x_wconf 80' lang='lat' dir='ltr'><strong>olympo</strong></span> <span class='ocrx_word' id='word_1_441' title='bbox 1257 2015 1267 2030; x_wconf 84' lang='lat'><strong>,</strong></span> <span class='ocrx_word' id='word_1_442' title='bbox 1299 1994 1383 2024; x_wconf 78' lang='lat' dir='ltr'><strong>intra</strong></span> <span class='ocrx_word' id='word_1_443' title='bbox 1408 1993 1490 2023; x_wconf 83' lang='lat' dir='ltr'><strong>diem</strong></span> <span class='ocrx_word' id='word_1_444' title='bbox 1524 1995 1560 2024; x_wconf 88' lang='lat' dir='ltr'><strong>te</strong></span> <span class='ocrx_word' id='word_1_445' title='bbox 1569 2002 1611 2024; x_wconf 86' lang='lat' dir='ltr'><strong>rr</strong></span> <span class='ocrx_word' id='word_1_446' title='bbox 1621 2002 1642 2024; x_wconf 90' lang='lat' dir='ltr'><strong>a</strong></span> <span class='ocrx_word' id='word_1_447' title='bbox 1651 2002 1675 2024; x_wconf 80' lang='lat' dir='ltr'><strong>s.</strong></span> 
     </span>
     <span class='ocr_line' id='line_1_58' title="bbox 988 2035 1674 2080; baseline 0.001 -12"><span class='ocrx_word' id='word_1_448' title='bbox 988 2035 1129 2068; x_wconf 82' lang='lat' dir='ltr'><strong>correxit</strong></span> <span class='ocrx_word' id='word_1_449' title='bbox 1159 2035 1295 2077; x_wconf 86' lang='lat' dir='ltr'><strong>Iunius).</strong></span> <span class='ocrx_word' id='word_1_450' title='bbox 1340 2037 1425 2068; x_wconf 87' lang='lat' dir='ltr'><strong>V=</strong></span> <span class='ocrx_word' id='word_1_451' title='bbox 1442 2038 1486 2068; x_wconf 81' lang='lat'><strong>02·</strong></span> <span class='ocrx_word' id='word_1_452' title='bbox 1497 2037 1622 2069; x_wconf 81' lang='lat' dir='ltr'><strong>tlemus</strong></span> <span class='ocrx_word' id='word_1_453' title='bbox 1647 2038 1674 2080; x_wconf 83' lang='lat' dir='ltr'><strong>(s</strong></span> 
     </span>
     <span class='ocr_line' id='line_1_59' title="bbox 988 2079 1677 2123; baseline 0.004 -10"><span class='ocrx_word' id='word_1_454' title='bbox 988 2083 1032 2113; x_wconf 81' lang='lat' dir='ltr'><strong>Gi</strong></span> <span class='ocrx_word' id='word_1_455' title='bbox 1042 2079 1176 2123; x_wconf 83' lang='lat' dir='ltr'><strong>llenius).</strong></span> <span class='ocrx_word' id='word_1_456' title='bbox 1224 2082 1276 2112; x_wconf 91' lang='lat' dir='ltr'><strong>VS</strong></span> <span class='ocrx_word' id='word_1_457' title='bbox 1292 2080 1354 2115; x_wconf 68' lang='grc' dir='ltr'><strong>(ξἸ,</strong></span> <span class='ocrx_word' id='word_1_458' title='bbox 1367 2104 1377 2115; x_wconf 80' lang='grc'><strong>.</strong></span> <span class='ocrx_word' id='word_1_459' title='bbox 1389 2104 1398 2115; x_wconf 78' lang='grc'><strong>.</strong></span> <span class='ocrx_word' id='word_1_460' title='bbox 1411 2105 1420 2115; x_wconf 79' lang='grc'><strong>.</strong></span> <span class='ocrx_word' id='word_1_461' title='bbox 1433 2082 1465 2115; x_wconf 70' lang='grc'><strong>(35</strong></span> <span class='ocrx_word' id='word_1_462' title='bbox 1477 2096 1521 2108; x_wconf 92' lang='lat'><strong><em>=</em></strong></span> <span class='ocrx_word' id='word_1_463' title='bbox 1533 2083 1577 2113; x_wconf 81' lang='lat' dir='ltr'><strong>ad</strong></span> <span class='ocrx_word' id='word_1_464' title='bbox 1599 2083 1677 2123; x_wconf 72' lang='lat' dir='ltr'><strong>infe-</strong></span> 
     </span>
     <span class='ocr_line' id='line_1_60' title="bbox 984 2126 1676 2166; baseline 0.003 -10"><span class='ocrx_word' id='word_1_465' title='bbox 984 2135 1035 2157; x_wconf 88' lang='lat' dir='ltr'><strong>ros</strong></span> <span class='ocrx_word' id='word_1_466' title='bbox 1059 2136 1080 2157; x_wconf 85' lang='lat' dir='ltr'><strong>a</strong></span> <span class='ocrx_word' id='word_1_467' title='bbox 1099 2136 1115 2157; x_wconf 89' lang='lat' dir='ltr'><strong>c</strong></span> <span class='ocrx_word' id='word_1_468' title='bbox 1125 2135 1146 2156; x_wconf 90' lang='lat' dir='ltr'><strong>a</strong></span> <span class='ocrx_word' id='word_1_469' title='bbox 1156 2126 1217 2156; x_wconf 89' lang='lat' dir='ltr'><strong>elo</strong></span> <span class='ocrx_word' id='word_1_470' title='bbox 1230 2127 1312 2157; x_wconf 86' lang='lat' dir='ltr'><strong>unde</strong></span> <span class='ocrx_word' id='word_1_471' title='bbox 1329 2129 1443 2166; x_wconf 71' lang='lat' dir='ltr'><strong>neyant</strong></span> <span class='ocrx_word' id='word_1_472' title='bbox 1456 2127 1556 2158; x_wconf 81' lang='lat' dir='ltr'><strong>redire</strong></span> <span class='ocrx_word' id='word_1_473' title='bbox 1570 2135 1676 2166; x_wconf 79' lang='lat' dir='ltr'><strong>quem-</strong></span> 
     </span>
     <span class='ocr_line' id='line_1_61' title="bbox 983 2170 1678 2209; baseline 0.004 -10"><span class='ocrx_word' id='word_1_474' title='bbox 983 2179 1090 2208; x_wconf 84' lang='lat' dir='ltr'><strong>quam.</strong></span> <span class='ocrx_word' id='word_1_475' title='bbox 1140 2170 1169 2200; x_wconf 92' lang='lat' dir='ltr'><strong>G</strong></span> <span class='ocrx_word' id='word_1_476' title='bbox 1182 2184 1226 2196; x_wconf 88' lang='lat'>=</span> <span class='ocrx_word' id='word_1_477' title='bbox 1239 2171 1282 2201; x_wconf 84' lang='lat' dir='ltr'><strong>ad</strong></span> <span class='ocrx_word' id='word_1_478' title='bbox 1303 2171 1417 2209; x_wconf 81' lang='lat' dir='ltr'><strong>inferos</strong></span> <span class='ocrx_word' id='word_1_479' title='bbox 1440 2180 1462 2201; x_wconf 88' lang='lat' dir='ltr'><strong>a</strong></span> <span class='ocrx_word' id='word_1_480' title='bbox 1483 2180 1499 2202; x_wconf 92' lang='lat' dir='ltr'><strong>c</strong></span> <span class='ocrx_word' id='word_1_481' title='bbox 1509 2179 1525 2202; x_wconf 91' lang='lat' dir='ltr'><strong>e</strong></span> <span class='ocrx_word' id='word_1_482' title='bbox 1535 2172 1546 2202; x_wconf 88' lang='lat' dir='ltr'><strong>l</strong></span> <span class='ocrx_word' id='word_1_483' title='bbox 1555 2180 1572 2202; x_wconf 93' lang='grc' dir='ltr'><strong><em>ο</em></strong></span> <span class='ocrx_word' id='word_1_484' title='bbox 1595 2172 1678 2203; x_wconf 84' lang='lat' dir='ltr'><strong>unde</strong></span> 
     </span>
     <span class='ocr_line' id='line_1_62' title="bbox 982 2214 1677 2252; baseline 0.003 -9"><span class='ocrx_word' id='word_1_485' title='bbox 982 2214 1082 2243; x_wconf 83' lang='lat' dir='ltr'><strong>redire</strong></span> <span class='ocrx_word' id='word_1_486' title='bbox 1114 2217 1227 2252; x_wconf 72' lang='lat' dir='ltr'><strong>neyanc</strong></span> <span class='ocrx_word' id='word_1_487' title='bbox 1259 2223 1288 2252; x_wconf 83' lang='lat' dir='ltr'><strong>q.</strong></span> <span class='ocrx_word' id='word_1_488' title='bbox 1333 2215 1454 2246; x_wconf 86' lang='lat' dir='ltr'><strong>Versus</strong></span> <span class='ocrx_word' id='word_1_489' title='bbox 1484 2220 1533 2245; x_wconf 81' lang='lat' dir='ltr'><strong>est</strong></span> <span class='ocrx_word' id='word_1_490' title='bbox 1558 2214 1677 2246; x_wconf 87' lang='lat' dir='ltr'><strong>Catulli</strong></span> 
     </span>
     <span class='ocr_line' id='line_1_63' title="bbox 980 2255 1122 2297; baseline 0 -10"><span class='ocrx_word' id='word_1_491' title='bbox 980 2256 1049 2297; x_wconf 88' lang='lat'><strong>111,</strong></span> <span class='ocrx_word' id='word_1_492' title='bbox 1070 2255 1122 2287; x_wconf 74' lang='lat'><strong>12.</strong></span> 
     </span>
    </p>

    <p class='ocr_par' dir='ltr' id='par_1_14' title="bbox 1244 2300 1426 2342">
     <span class='ocr_line' id='line_1_64' title="bbox 1244 2300 1426 2342; baseline 0.005 -11"><span class='ocrx_word' id='word_1_493' title='bbox 1244 2300 1323 2342; x_wconf 81' lang='lat' dir='ltr'><strong>Cap.</strong></span> <span class='ocrx_word' id='word_1_494' title='bbox 1347 2301 1426 2332; x_wconf 89' lang='lat' dir='ltr'><strong>XII.</strong></span> 
     </span>
    </p>

    <p class='ocr_par' dir='ltr' id='par_1_15' title="bbox 983 2344 1675 2432">
     <span class='ocr_line' id='line_1_65' title="bbox 1030 2344 1675 2380; baseline 0.006 -4"><span class='ocrx_word' id='word_1_495' title='bbox 1030 2344 1058 2376; x_wconf 89' lang='lat' dir='ltr'><strong>G</strong></span> <span class='ocrx_word' id='word_1_496' title='bbox 1069 2359 1115 2373; x_wconf 86' lang='lat'>=</span> <span class='ocrx_word' id='word_1_497' title='bbox 1127 2346 1235 2377; x_wconf 85' lang='lat' dir='ltr'><strong>descen</strong></span> <span class='ocrx_word' id='word_1_498' title='bbox 1245 2346 1315 2376; x_wconf 83' lang='lat' dir='ltr'><strong>dit.</strong></span> <span class='ocrx_word' id='word_1_499' title='bbox 1349 2345 1379 2376; x_wconf 89' lang='lat' dir='ltr'><strong>G</strong></span> <span class='ocrx_word' id='word_1_500' title='bbox 1389 2362 1433 2370; x_wconf 92' lang='lat'><strong>—-</strong></span> <span class='ocrx_word' id='word_1_501' title='bbox 1443 2347 1494 2377; x_wconf 82' lang='lat' dir='ltr'><strong>ille</strong></span> <span class='ocrx_word' id='word_1_502' title='bbox 1507 2351 1585 2378; x_wconf 81' lang='lat' dir='ltr'><strong>ante</strong></span> <span class='ocrx_word' id='word_1_503' title='bbox 1603 2356 1675 2380; x_wconf 82' lang='lat' dir='ltr'><strong>con·</strong></span> 
     </span>
     <span class='ocr_line' id='line_1_66' title="bbox 983 2389 1672 2432; baseline 0.001 -10"><span class='ocrx_word' id='word_1_504' title='bbox 983 2399 1100 2422; x_wconf 84' lang='lat' dir='ltr'><strong>cursus.</strong></span> <span class='ocrx_word' id='word_1_505' title='bbox 1135 2389 1243 2422; x_wconf 89' lang='lat' dir='ltr'><strong>Ruhk.</strong></span> <span class='ocrx_word' id='word_1_506' title='bbox 1258 2399 1334 2422; x_wconf 88' lang='lat' dir='ltr'><strong>num</strong></span> <span class='ocrx_word' id='word_1_507' title='bbox 1356 2396 1543 2432; x_wconf 82' lang='lat' dir='ltr'><strong>suspectum</strong></span> <span class='ocrx_word' id='word_1_508' title='bbox 1560 2391 1672 2423; x_wconf 84' lang='lat' dir='ltr'><strong>habet.</strong></span> 
     </span>
    </p>

    <p class='ocr_par' dir='ltr' id='par_1_16' title="bbox 982 2436 1674 2568">
     <span class='ocr_line' id='line_1_67' title="bbox 1028 2436 1674 2475; baseline 0.003 -9"><span class='ocrx_word' id='word_1_509' title='bbox 1028 2438 1055 2466; x_wconf 81' lang='lat' dir='ltr'><strong>et</strong></span> <span class='ocrx_word' id='word_1_510' title='bbox 1078 2437 1208 2475; x_wconf 83' lang='lat' dir='ltr'><strong>inpensa</strong></span> <span class='ocrx_word' id='word_1_511' title='bbox 1234 2444 1310 2466; x_wconf 87' lang='lat' dir='ltr'><strong>cura</strong></span> <span class='ocrx_word' id='word_1_512' title='bbox 1322 2458 1333 2474; x_wconf 89' lang='lat'><em>‚</em></span> <span class='ocrx_word' id='word_1_513' title='bbox 1366 2444 1388 2474; x_wconf 85' lang='lat' dir='ltr'><strong>p</strong></span> <span class='ocrx_word' id='word_1_514' title='bbox 1399 2436 1467 2467; x_wconf 85' lang='lat' dir='ltr'><strong>lan</strong></span> <span class='ocrx_word' id='word_1_515' title='bbox 1477 2444 1493 2467; x_wconf 90' lang='lat' dir='ltr'><strong>e</strong></span> <span class='ocrx_word' id='word_1_516' title='bbox 1526 2439 1560 2467; x_wconf 85' lang='lat' dir='ltr'><strong>ut</strong></span> <span class='ocrx_word' id='word_1_517' title='bbox 1581 2438 1674 2468; x_wconf 87' lang='lat' dir='ltr'><strong>scires</strong></span> 
     </span>
     <span class='ocr_line' id='line_1_68' title="bbox 982 2478 1674 2521; baseline 0 -9"><span class='ocrx_word' id='word_1_518' title='bbox 982 2493 1026 2506; x_wconf 94' lang='lat'>=</span> <span class='ocrx_word' id='word_1_519' title='bbox 1040 2480 1073 2510; x_wconf 87' lang='lat' dir='ltr'><strong>S.</strong></span> <span class='ocrx_word' id='word_1_520' title='bbox 1143 2479 1207 2512; x_wconf 86' lang='lat' dir='ltr'><strong>VG</strong></span> <span class='ocrx_word' id='word_1_521' title='bbox 1219 2478 1281 2514; x_wconf 56' lang='lat'><strong>(51.</strong></span> <span class='ocrx_word' id='word_1_522' title='bbox 1294 2501 1333 2513; x_wconf 43' lang='grc' dir='ltr'><strong>..ψ</strong></span> <span class='ocrx_word' id='word_1_523' title='bbox 1346 2478 1412 2514; x_wconf 70' lang='grc' dir='ltr'><strong>ἑὸἳ.</strong></span> <span class='ocrx_word' id='word_1_524' title='bbox 1425 2493 1472 2508; x_wconf 80' lang='lat'><strong>==</strong></span> <span class='ocrx_word' id='word_1_525' title='bbox 1484 2483 1513 2511; x_wconf 85' lang='lat' dir='ltr'><strong>et</strong></span> <span class='ocrx_word' id='word_1_526' title='bbox 1532 2482 1674 2521; x_wconf 81' lang='lat' dir='ltr'><strong>impensa</strong></span> 
     </span>
     <span class='ocr_line' id='line_1_69' title="bbox 982 2523 1671 2568; baseline 0 -12"><span class='ocrx_word' id='word_1_527' title='bbox 982 2533 1058 2556; x_wconf 82' lang='lat' dir='ltr'><strong>cura</strong></span> <span class='ocrx_word' id='word_1_528' title='bbox 1078 2526 1265 2564; x_wconf 83' lang='lat' dir='ltr'><strong>plenum,</strong></span> <span class='ocrx_word' id='word_1_529' title='bbox 1289 2527 1322 2555; x_wconf 81' lang='lat' dir='ltr'><strong>ut</strong></span> <span class='ocrx_word' id='word_1_530' title='bbox 1348 2523 1395 2565; x_wconf 88' lang='lat' dir='ltr'><strong>[G</strong></span> <span class='ocrx_word' id='word_1_531' title='bbox 1407 2523 1547 2568; x_wconf 83' lang='lat' dir='ltr'><strong>=ubi]</strong></span> <span class='ocrx_word' id='word_1_532' title='bbox 1568 2527 1671 2557; x_wconf 83' lang='lat' dir='ltr'><strong>scires.</strong></span> 
     </span>
    </p>

    <p class='ocr_par' dir='ltr' id='par_1_17' title="bbox 982 2569 1676 2654">
     <span class='ocr_line' id='line_1_70' title="bbox 1027 2569 1670 2609; baseline 0.008 -9"><span class='ocrx_word' id='word_1_533' title='bbox 1027 2570 1126 2600; x_wconf 84' lang='lat' dir='ltr'><strong>omnis</strong></span> <span class='ocrx_word' id='word_1_534' title='bbox 1156 2571 1277 2609; x_wconf 67' lang='lat' dir='ltr'><strong>generis</strong></span> <span class='ocrx_word' id='word_1_535' title='bbox 1293 2583 1339 2596; x_wconf 91' lang='lat'><strong><em>=</em></strong></span> <span class='ocrx_word' id='word_1_536' title='bbox 1361 2569 1456 2601; x_wconf 90' lang='lat' dir='ltr'><strong>VSG.</strong></span> <span class='ocrx_word' id='word_1_537' title='bbox 1537 2569 1600 2604; x_wconf 57' lang='lat'><strong>(31.</strong></span> <span class='ocrx_word' id='word_1_538' title='bbox 1611 2590 1623 2604; x_wconf 64' lang='lat'>0</span> <span class='ocrx_word' id='word_1_539' title='bbox 1636 2591 1646 2605; x_wconf 58' lang='grc' dir='ltr'>ι</span> <span class='ocrx_word' id='word_1_540' title='bbox 1659 2591 1670 2605; x_wconf 68' lang='lat'><em>0</em></span> 
     </span>
     <span class='ocr_line' id='line_1_71' title="bbox 982 2613 1676 2654; baseline -0.003 -8"><span class='ocrx_word' id='word_1_541' title='bbox 982 2613 1051 2647; x_wconf 61' lang='lat'><strong>232.</strong></span> <span class='ocrx_word' id='word_1_542' title='bbox 1068 2617 1103 2651; x_wconf 75' lang='lat'>÷</span> <span class='ocrx_word' id='word_1_543' title='bbox 1120 2616 1219 2645; x_wconf 83' lang='lat' dir='ltr'><strong>omnis</strong></span> <span class='ocrx_word' id='word_1_544' title='bbox 1228 2623 1246 2654; x_wconf 84' lang='lat' dir='ltr'>q</span> <span class='ocrx_word' id='word_1_545' title='bbox 1255 2623 1277 2645; x_wconf 86' lang='lat' dir='ltr'><em>u</em></span> <span class='ocrx_word' id='word_1_546' title='bbox 1288 2623 1303 2645; x_wconf 90' lang='lat' dir='ltr'><strong>e</strong></span> <span class='ocrx_word' id='word_1_547' title='bbox 1324 2616 1454 2654; x_wconf 70' lang='lat' dir='ltr'><strong>generis.</strong></span> <span class='ocrx_word' id='word_1_548' title='bbox 1674 2641 1676 2643; x_wconf 95' lang='lat'><strong>.</strong></span> 
     </span>
    </p>

    <p class='ocr_par' dir='ltr' id='par_1_18' title="bbox 979 2657 1670 2834">
     <span class='ocr_line' id='line_1_72' title="bbox 1025 2657 1669 2693; baseline 0 -3"><span class='ocrx_word' id='word_1_549' title='bbox 1025 2661 1299 2690; x_wconf 81' lang='lat' dir='ltr'><strong>aeneatorum</strong></span> <span class='ocrx_word' id='word_1_550' title='bbox 1311 2673 1356 2685; x_wconf 82' lang='lat'><strong><em>=</em></strong></span> <span class='ocrx_word' id='word_1_551' title='bbox 1370 2657 1409 2690; x_wconf 84' lang='lat' dir='ltr'><strong>ci.</strong></span> <span class='ocrx_word' id='word_1_552' title='bbox 1428 2657 1534 2689; x_wconf 84' lang='lat' dir='ltr'><strong>Rhen.</strong></span> <span class='ocrx_word' id='word_1_553' title='bbox 1557 2657 1618 2693; x_wconf 62' lang='lat'><strong>(22.</strong></span> <span class='ocrx_word' id='word_1_554' title='bbox 1632 2681 1669 2693; x_wconf 55' lang='lat'><strong>0..</strong></span> 
     </span>
     <span class='ocr_line' id='line_1_73' title="bbox 980 2701 1669 2745; baseline 0 -11"><span class='ocrx_word' id='word_1_555' title='bbox 980 2702 1030 2737; x_wconf 65' lang='lat' dir='ltr'><strong>ffii</strong></span> <span class='ocrx_word' id='word_1_556' title='bbox 1039 2726 1048 2737; x_wconf 82' lang='grc'><strong>.</strong></span> <span class='ocrx_word' id='word_1_557' title='bbox 1061 2702 1095 2737; x_wconf 69' lang='grc'><strong>2.</strong></span> <span class='ocrx_word' id='word_1_558' title='bbox 1109 2702 1231 2745; x_wconf 86' lang='lat' dir='ltr'><strong>probat</strong></span> <span class='ocrx_word' id='word_1_559' title='bbox 1243 2702 1342 2734; x_wconf 88' lang='lat' dir='ltr'><strong>Orell.</strong></span> <span class='ocrx_word' id='word_1_560' title='bbox 1377 2702 1464 2735; x_wconf 84' lang='lat' dir='ltr'><strong>VSG</strong></span> <span class='ocrx_word' id='word_1_561' title='bbox 1477 2701 1551 2734; x_wconf 88' lang='lat' dir='ltr'><strong>cod.</strong></span> <span class='ocrx_word' id='word_1_562' title='bbox 1565 2702 1669 2734; x_wconf 87' lang='lat' dir='ltr'><strong>Rhen.</strong></span> 
     </span>
     <span class='ocr_line' id='line_1_74' title="bbox 979 2746 1670 2782; baseline -0.001 -2"><span class='ocrx_word' id='word_1_563' title='bbox 979 2747 1044 2780; x_wconf 78' lang='lat' dir='ltr'><strong>aeh</strong></span> <span class='ocrx_word' id='word_1_564' title='bbox 1063 2749 1120 2782; x_wconf 66' lang='lat' dir='ltr'><strong>{Ru</strong></span> <span class='ocrx_word' id='word_1_565' title='bbox 1143 2762 1187 2775; x_wconf 91' lang='lat'>=</span> <span class='ocrx_word' id='word_1_566' title='bbox 1207 2757 1222 2779; x_wconf 88' lang='lat' dir='ltr'><strong>s</strong></span> <span class='ocrx_word' id='word_1_567' title='bbox 1232 2757 1246 2779; x_wconf 90' lang='lat' dir='ltr'><strong>e</strong></span> <span class='ocrx_word' id='word_1_568' title='bbox 1256 2751 1430 2779; x_wconf 81' lang='lat' dir='ltr'><strong>natorum.</strong></span> <span class='ocrx_word' id='word_1_569' title='bbox 1479 2746 1561 2779; x_wconf 82' lang='lat' dir='ltr'><strong>cod.</strong></span> <span class='ocrx_word' id='word_1_570' title='bbox 1584 2746 1670 2779; x_wconf 81' lang='lat' dir='ltr'><strong>Iunii</strong></span> 
     </span>
     <span class='ocr_line' id='line_1_75' title="bbox 980 2791 1666 2834; baseline 0 -11"><span class='ocrx_word' id='word_1_571' title='bbox 980 2791 1042 2827; x_wconf 71' lang='lat'><strong>(551.</strong></span> <span class='ocrx_word' id='word_1_572' title='bbox 1054 2807 1099 2820; x_wconf 89' lang='lat'><strong><em>=</em></strong></span> <span class='ocrx_word' id='word_1_573' title='bbox 1111 2801 1150 2824; x_wconf 88' lang='lat' dir='ltr'><strong>so</strong></span> <span class='ocrx_word' id='word_1_574' title='bbox 1161 2795 1340 2824; x_wconf 78' lang='lat' dir='ltr'><strong>natorum.</strong></span> <span class='ocrx_word' id='word_1_575' title='bbox 1363 2791 1486 2833; x_wconf 87' lang='lat' dir='ltr'><strong>probat</strong></span> <span class='ocrx_word' id='word_1_576' title='bbox 1507 2793 1666 2834; x_wconf 83' lang='lat' dir='ltr'><strong>Sonntag.</strong></span> 
     </span>
    </p>

    <p class='ocr_par' dir='ltr' id='par_1_19' title="bbox 1021 2835 1665 2879">
     <span class='ocr_line' id='line_1_76' title="bbox 1021 2835 1665 2879; baseline 0 -10"><span class='ocrx_word' id='word_1_577' title='bbox 1021 2840 1127 2870; x_wconf 83' lang='lat' dir='ltr'><strong>tantus</strong></span> <span class='ocrx_word' id='word_1_578' title='bbox 1158 2846 1214 2870; x_wconf 86' lang='lat' dir='ltr'><strong>con</strong></span> <span class='ocrx_word' id='word_1_579' title='bbox 1223 2846 1239 2869; x_wconf 93' lang='lat' dir='ltr'><strong>c</strong></span> <span class='ocrx_word' id='word_1_580' title='bbox 1248 2839 1335 2869; x_wconf 79' lang='lat' dir='ltr'><strong>entus</strong></span> <span class='ocrx_word' id='word_1_581' title='bbox 1353 2851 1399 2865; x_wconf 91' lang='lat'><strong><em>=</em></strong></span> <span class='ocrx_word' id='word_1_582' title='bbox 1421 2835 1461 2871; x_wconf 85' lang='lat' dir='ltr'><strong>ci.</strong></span> <span class='ocrx_word' id='word_1_583' title='bbox 1490 2835 1582 2879; x_wconf 81' lang='lat' dir='ltr'><strong>Lips.</strong></span> <span class='ocrx_word' id='word_1_584' title='bbox 1613 2835 1665 2869; x_wconf 82' lang='lat' dir='ltr'><strong>ed.</strong></span> 
     </span>
    </p>
   </div>
  </div>
 </body>
</html>
