<?xml version="1.0" encoding="UTF-8"?>
<!DOCTYPE html PUBLIC "-//W3C//DTD XHTML 1.0 Transitional//EN"
    "http://www.w3.org/TR/xhtml1/DTD/xhtml1-transitional.dtd">
<html xmlns="http://www.w3.org/1999/xhtml" xml:lang="en" lang="en">
 <head>
  <title>
</title>
<meta http-equiv="Content-Type" content="text/html;charset=utf-8" />
  <meta name='ocr-system' content='tesseract 3.04.00' />
  <meta name='ocr-capabilities' content='ocr_page ocr_carea ocr_par ocr_line ocrx_word'/>
</head>
<body>
  <div class='ocr_page' id='page_1' title='image "./operasene03seneuoft_0687.png"; bbox 0 0 1812 3184; ppageno 0'>
   <div class='ocr_carea' id='block_1_1' title="bbox 0 0 68 710">
    <p class='ocr_par' dir='ltr' id='par_1_1' title="bbox 0 0 68 710">
     <span class='ocr_line' id='line_1_1' title="bbox 0 0 68 710; baseline 0 2474"><span class='ocrx_word' id='word_1_1' title='bbox 0 0 68 710; x_wconf 95' lang='lat' dir='ltr'> </span> 
     </span>
    </p>
   </div>
   <div class='ocr_carea' id='block_1_2' title="bbox 490 207 1586 259">
    <p class='ocr_par' dir='ltr' id='par_1_2' title="bbox 490 207 1586 259">
     <span class='ocr_line' id='line_1_2' title="bbox 490 207 1586 259; baseline 0.005 -11"><span class='ocrx_word' id='word_1_2' title='bbox 490 207 674 248; x_wconf 81' lang='lat' dir='ltr'>NATUR.</span> <span class='ocrx_word' id='word_1_3' title='bbox 706 208 918 259; x_wconf 80' lang='lat' dir='ltr'>QUAEST.</span> <span class='ocrx_word' id='word_1_4' title='bbox 949 209 1139 259; x_wconf 34' lang='lat' dir='ltr'>LIB.&gt;V1‚</span> <span class='ocrx_word' id='word_1_5' title='bbox 1172 215 1239 252; x_wconf 81' lang='lat'>23.</span> <span class='ocrx_word' id='word_1_6' title='bbox 1502 207 1586 254; x_wconf 83' lang='grc'>667</span> 
     </span>
    </p>
   </div>
   <div class='ocr_carea' id='block_1_3' title="bbox 132 316 1622 1333">
    <p class='ocr_par' dir='ltr' id='par_1_3' title="bbox 132 316 1622 1333">
     <span class='ocr_line' id='line_1_3' title="bbox 137 316 1590 376; baseline 0.002 -14"><span class='ocrx_word' id='word_1_7' title='bbox 137 316 442 376; x_wconf 63' lang='grc' dir='ltr'>ιιιυᾌῦῡιῑίὶίε</span> <span class='ocrx_word' id='word_1_8' title='bbox 463 327 615 363; x_wconf 84' lang='lat' dir='ltr'>noster.</span> <span class='ocrx_word' id='word_1_9' title='bbox 664 320 792 364; x_wconf 82' lang='lat' dir='ltr'>Huius</span> <span class='ocrx_word' id='word_1_10' title='bbox 814 325 944 364; x_wconf 86' lang='lat' dir='ltr'>motus</span> <span class='ocrx_word' id='word_1_11' title='bbox 967 322 1225 365; x_wconf 83' lang='lat' dir='ltr'>succutientis</span> <span class='ocrx_word' id='word_1_12' title='bbox 1245 329 1371 365; x_wconf 82' lang='lat' dir='ltr'>terras</span> <span class='ocrx_word' id='word_1_13' title='bbox 1393 322 1491 364; x_wconf 87' lang='lat' dir='ltr'>haec</span> <span class='ocrx_word' id='word_1_14' title='bbox 1513 322 1590 365; x_wconf 82' lang='lat' dir='ltr'>erit</span> 
     </span>
     <span class='ocr_line' id='line_1_4' title="bbox 134 388 1590 433; baseline 0.001 -3"><span class='ocrx_word' id='word_1_15' title='bbox 134 391 271 430; x_wconf 58' lang='lat' dir='ltr'>mut.</span> <span class='ocrx_word' id='word_1_16' title='bbox 318 388 367 430; x_wconf 71' lang='lat' dir='ltr'>ud</span> <span class='ocrx_word' id='word_1_17' title='bbox 395 388 561 431; x_wconf 78' lang='lat' dir='ltr'>alteram</span> <span class='ocrx_word' id='word_1_18' title='bbox 591 396 773 432; x_wconf 74' lang='lat' dir='ltr'>transem-</span> <span class='ocrx_word' id='word_1_19' title='bbox 828 388 997 432; x_wconf 84' lang='lat' dir='ltr'>XXIII.</span> <span class='ocrx_word' id='word_1_20' title='bbox 1036 390 1147 433; x_wconf 85' lang='lat' dir='ltr'>Rara</span> <span class='ocrx_word' id='word_1_21' title='bbox 1180 398 1314 433; x_wconf 84' lang='lat' dir='ltr'>terrae</span> <span class='ocrx_word' id='word_1_22' title='bbox 1349 397 1491 432; x_wconf 83' lang='lat' dir='ltr'>natura</span> <span class='ocrx_word' id='word_1_23' title='bbox 1526 397 1590 432; x_wconf 88' lang='lat' dir='ltr'>est</span> 
     </span>
     <span class='ocr_line' id='line_1_5' title="bbox 135 455 1586 516; baseline 0.001 -19"><span class='ocrx_word' id='word_1_24' title='bbox 135 455 376 512; x_wconf 69' lang='lat' dir='ltr'>multumque</span> <span class='ocrx_word' id='word_1_25' title='bbox 404 456 555 501; x_wconf 76' lang='lat' dir='ltr'>habens</span> <span class='ocrx_word' id='word_1_26' title='bbox 587 458 725 500; x_wconf 83' lang='lat' dir='ltr'>uacui:</span> <span class='ocrx_word' id='word_1_27' title='bbox 768 472 840 515; x_wconf 89' lang='lat' dir='ltr'>per</span> <span class='ocrx_word' id='word_1_28' title='bbox 866 459 937 501; x_wconf 86' lang='lat' dir='ltr'>has</span> <span class='ocrx_word' id='word_1_29' title='bbox 965 459 1148 501; x_wconf 79' lang='lat' dir='ltr'>raritates</span> <span class='ocrx_word' id='word_1_30' title='bbox 1172 458 1331 516; x_wconf 86' lang='lat' dir='ltr'>spiritus</span> <span class='ocrx_word' id='word_1_31' title='bbox 1357 458 1482 500; x_wconf 81' lang='lat' dir='ltr'>fertur</span> <span class='ocrx_word' id='word_1_32' title='bbox 1504 458 1586 513; x_wconf 91' lang='lat' dir='ltr'>qui,</span> 
     </span>
     <span class='ocr_line' id='line_1_6' title="bbox 135 522 1590 582; baseline 0.002 -17"><span class='ocrx_word' id='word_1_33' title='bbox 135 522 201 566; x_wconf 74' lang='lat' dir='ltr'>ubi</span> <span class='ocrx_word' id='word_1_34' title='bbox 227 525 354 567; x_wconf 80' lang='lat' dir='ltr'>maior</span> <span class='ocrx_word' id='word_1_35' title='bbox 371 525 531 568; x_wconf 80' lang='lat' dir='ltr'>influxit</span> <span class='ocrx_word' id='word_1_36' title='bbox 551 540 625 568; x_wconf 88' lang='lat' dir='ltr'>nec</span> <span class='ocrx_word' id='word_1_37' title='bbox 649 527 864 579; x_wconf 87' lang='lat' dir='ltr'>emittitur,</span> <span class='ocrx_word' id='word_1_38' title='bbox 906 527 1080 569; x_wconf 81' lang='lat' dir='ltr'>concutit</span> <span class='ocrx_word' id='word_1_39' title='bbox 1101 534 1263 569; x_wconf 86' lang='lat' dir='ltr'>terram.</span> <span class='ocrx_word' id='word_1_40' title='bbox 1324 526 1436 568; x_wconf 91' lang='lat' dir='ltr'>Haec</span> <span class='ocrx_word' id='word_1_41' title='bbox 1460 526 1590 582; x_wconf 86' lang='lat' dir='ltr'>placet</span> 
     </span>
     <span class='ocr_line' id='line_1_7' title="bbox 134 592 1588 651; baseline 0.002 -17"><span class='ocrx_word' id='word_1_42' title='bbox 134 598 178 634; x_wconf 80' lang='lat' dir='ltr'>ot</span> <span class='ocrx_word' id='word_1_43' title='bbox 193 592 299 646; x_wconf 74' lang='lat' dir='ltr'>aliis,</span> <span class='ocrx_word' id='word_1_44' title='bbox 330 600 374 636; x_wconf 88' lang='lat' dir='ltr'>ut</span> <span class='ocrx_word' id='word_1_45' title='bbox 394 594 510 651; x_wconf 78' lang='lat' dir='ltr'>paulo</span> <span class='ocrx_word' id='word_1_46' title='bbox 531 601 622 636; x_wconf 86' lang='lat' dir='ltr'>ante</span> <span class='ocrx_word' id='word_1_47' title='bbox 642 594 775 647; x_wconf 86' lang='lat' dir='ltr'>retuli,</span> <span class='ocrx_word' id='word_1_48' title='bbox 808 609 942 636; x_wconf 88' lang='lat' dir='ltr'>causa.</span> <span class='ocrx_word' id='word_1_49' title='bbox 1006 593 1049 637; x_wconf 91' lang='lat' dir='ltr'>Si</span> <span class='ocrx_word' id='word_1_50' title='bbox 1072 595 1161 651; x_wconf 91' lang='lat' dir='ltr'>quid</span> <span class='ocrx_word' id='word_1_51' title='bbox 1182 595 1283 651; x_wconf 89' lang='lat' dir='ltr'>apud</span> <span class='ocrx_word' id='word_1_52' title='bbox 1303 602 1341 637; x_wconf 83' lang='lat' dir='ltr'>te</span> <span class='ocrx_word' id='word_1_53' title='bbox 1361 595 1588 651; x_wconf 81' lang='lat' dir='ltr'>profectura</span> 
     </span>
     <span class='ocr_line' id='line_1_8' title="bbox 135 659 1589 719; baseline 0.001 -17"><span class='ocrx_word' id='word_1_54' title='bbox 135 660 293 702; x_wconf 71' lang='lat' dir='ltr'>testium</span> <span class='ocrx_word' id='word_1_55' title='bbox 314 661 429 703; x_wconf 78' lang='lat' dir='ltr'>turba</span> <span class='ocrx_word' id='word_1_56' title='bbox 451 668 537 704; x_wconf 78' lang='lat' dir='ltr'>est:</span> <span class='ocrx_word' id='word_1_57' title='bbox 570 662 671 704; x_wconf 85' lang='lat' dir='ltr'>hauc</span> <span class='ocrx_word' id='word_1_58' title='bbox 694 663 812 704; x_wconf 84' lang='lat' dir='ltr'>etiam</span> <span class='ocrx_word' id='word_1_59' title='bbox 837 659 1103 704; x_wconf 67' lang='lat' dir='ltr'><strong>Callisthenes</strong></span> <span class='ocrx_word' id='word_1_60' title='bbox 1129 663 1283 719; x_wconf 85' lang='lat' dir='ltr'>prohat,</span> <span class='ocrx_word' id='word_1_61' title='bbox 1311 676 1391 704; x_wconf 92' lang='lat' dir='ltr'>non</span> <span class='ocrx_word' id='word_1_62' title='bbox 1413 668 1589 704; x_wconf 90' lang='lat' dir='ltr'>contem-</span> 
     </span>
     <span class='ocr_line' id='line_1_9' title="bbox 135 728 1588 786; baseline 0.001 -16"><span class='ocrx_word' id='word_1_63' title='bbox 135 734 224 784; x_wconf 72' lang='lat' dir='ltr'>ptus</span> <span class='ocrx_word' id='word_1_64' title='bbox 254 728 331 770; x_wconf 80' lang='lat' dir='ltr'>uir.</span> <span class='ocrx_word' id='word_1_65' title='bbox 394 729 463 771; x_wconf 83' lang='lat' dir='ltr'>fuit</span> <span class='ocrx_word' id='word_1_66' title='bbox 487 729 591 771; x_wconf 87' lang='lat' dir='ltr'>euim</span> <span class='ocrx_word' id='word_1_67' title='bbox 613 729 669 770; x_wconf 92' lang='lat' dir='ltr'>illi</span> <span class='ocrx_word' id='word_1_68' title='bbox 691 729 822 771; x_wconf 83' lang='lat' dir='ltr'><strong>nobile</strong></span> <span class='ocrx_word' id='word_1_69' title='bbox 845 730 1044 784; x_wconf 82' lang='lat' dir='ltr'>ingenium</span> <span class='ocrx_word' id='word_1_70' title='bbox 1068 737 1108 772; x_wconf 88' lang='lat' dir='ltr'>et</span> <span class='ocrx_word' id='word_1_71' title='bbox 1133 730 1326 772; x_wconf 82' lang='lat' dir='ltr'>furibundi</span> <span class='ocrx_word' id='word_1_72' title='bbox 1350 731 1456 786; x_wconf 87' lang='lat' dir='ltr'>regis</span> <span class='ocrx_word' id='word_1_73' title='bbox 1478 730 1588 786; x_wconf 84' lang='lat' dir='ltr'>inpa-</span> 
     </span>
     <span class='ocr_line' id='line_1_10' title="bbox 132 795 1585 854; baseline 0.002 -18"><span class='ocrx_word' id='word_1_74' title='bbox 132 795 252 837; x_wconf 75' lang='lat' dir='ltr'>tieus.</span> <span class='ocrx_word' id='word_1_75' title='bbox 314 795 391 837; x_wconf 77' lang='lat' dir='ltr'>uie</span> <span class='ocrx_word' id='word_1_76' title='bbox 415 803 479 838; x_wconf 84' lang='lat' dir='ltr'>est</span> <span class='ocrx_word' id='word_1_77' title='bbox 500 796 725 839; x_wconf 84' lang='lat' dir='ltr'>Alexandri</span> <span class='ocrx_word' id='word_1_78' title='bbox 754 796 904 838; x_wconf 80' lang='lat' dir='ltr'>crimen</span> <span class='ocrx_word' id='word_1_79' title='bbox 936 804 1140 840; x_wconf 87' lang='lat' dir='ltr'>aeternum</span> <span class='ocrx_word' id='word_1_80' title='bbox 1171 800 1272 854; x_wconf 88' lang='lat' dir='ltr'>quod</span> <span class='ocrx_word' id='word_1_81' title='bbox 1305 799 1410 840; x_wconf 88' lang='lat' dir='ltr'>nulla</span> <span class='ocrx_word' id='word_1_82' title='bbox 1441 798 1585 849; x_wconf 85' lang='lat' dir='ltr'>uirtus,</span> 
     </span>
     <span class='ocr_line' id='line_1_11' title="bbox 132 861 1620 921; baseline 0.003 -17"><span class='ocrx_word' id='word_1_83' title='bbox 132 861 239 904; x_wconf 82' lang='lat' dir='ltr'>nulla</span> <span class='ocrx_word' id='word_1_84' title='bbox 259 861 451 905; x_wconf 80' lang='lat' dir='ltr'>bellorum</span> <span class='ocrx_word' id='word_1_85' title='bbox 475 863 641 906; x_wconf 76' lang='lat' dir='ltr'>felicitas</span> <span class='ocrx_word' id='word_1_86' title='bbox 663 863 846 906; x_wconf 82' lang='lat' dir='ltr'>redimet.</span> <span class='ocrx_word' id='word_1_87' title='bbox 887 878 975 906; x_wconf 86' lang='lat' dir='ltr'>nam</span> <span class='ocrx_word' id='word_1_88' title='bbox 996 867 1176 920; x_wconf 78' lang='lat' dir='ltr'>quotiens</span> <span class='ocrx_word' id='word_1_89' title='bbox 1201 866 1287 921; x_wconf 90' lang='lat' dir='ltr'>quis</span> <span class='ocrx_word' id='word_1_90' title='bbox 1310 866 1471 919; x_wconf 80' lang='lat' dir='ltr'>dixerit,</span> <span class='ocrx_word' id='word_1_91' title='bbox 1505 864 1585 908; x_wconf 88' lang='lat' dir='ltr'>Oc·</span> <span class='ocrx_word' id='word_1_92' title='bbox 1602 875 1620 903; x_wconf 80' lang='lat'>&#39;2</span> 
     </span>
     <span class='ocr_line' id='line_1_12' title="bbox 134 928 1589 989; baseline 0.002 -17"><span class='ocrx_word' id='word_1_93' title='bbox 134 929 229 972; x_wconf 78' lang='lat' dir='ltr'>cidit</span> <span class='ocrx_word' id='word_1_94' title='bbox 246 928 462 974; x_wconf 75' lang='lat' dir='ltr'>Persarum</span> <span class='ocrx_word' id='word_1_95' title='bbox 486 932 607 974; x_wconf 84' lang='lat' dir='ltr'>multa</span> <span class='ocrx_word' id='word_1_96' title='bbox 630 932 758 974; x_wconf 84' lang='lat' dir='ltr'>milia:</span> <span class='ocrx_word' id='word_1_97' title='bbox 792 939 1026 989; x_wconf 78' lang='lat' dir='ltr'>opponetur,</span> <span class='ocrx_word' id='word_1_98' title='bbox 1059 932 1114 975; x_wconf 86' lang='lat' dir='ltr'>Et</span> <span class='ocrx_word' id='word_1_99' title='bbox 1135 932 1432 976; x_wconf 77' lang='lat' dir='ltr'>Callisthenem.</span> <span class='ocrx_word' id='word_1_100' title='bbox 1493 948 1589 989; x_wconf 90' lang='lat' dir='ltr'>quo-</span> 
     </span>
     <span class='ocr_line' id='line_1_13' title="bbox 133 997 1587 1057; baseline 0.003 -18"><span class='ocrx_word' id='word_1_101' title='bbox 133 997 237 1040; x_wconf 82' lang='lat' dir='ltr'>tiens</span> <span class='ocrx_word' id='word_1_102' title='bbox 269 998 414 1041; x_wconf 82' lang='lat' dir='ltr'>dictum</span> <span class='ocrx_word' id='word_1_103' title='bbox 445 1000 546 1052; x_wconf 84' lang='lat' dir='ltr'>erit,</span> <span class='ocrx_word' id='word_1_104' title='bbox 591 997 748 1042; x_wconf 84' lang='lat' dir='ltr'>Occidit</span> <span class='ocrx_word' id='word_1_105' title='bbox 768 999 944 1042; x_wconf 80' lang='lat' dir='ltr'>Dareum</span> <span class='ocrx_word' id='word_1_106' title='bbox 967 1014 1089 1057; x_wconf 86' lang='lat' dir='ltr'>penes</span> <span class='ocrx_word' id='word_1_107' title='bbox 1116 1015 1231 1057; x_wconf 90' lang='lat' dir='ltr'>quem</span> <span class='ocrx_word' id='word_1_108' title='bbox 1262 1010 1342 1043; x_wconf 89' lang='lat' dir='ltr'>tum</span> <span class='ocrx_word' id='word_1_109' title='bbox 1373 1002 1587 1044; x_wconf 85' lang='lat' dir='ltr'>maximum</span> 
     </span>
     <span class='ocr_line' id='line_1_14' title="bbox 132 1066 1622 1125; baseline 0.003 -18"><span class='ocrx_word' id='word_1_110' title='bbox 132 1079 299 1121; x_wconf 75' lang='lat' dir='ltr'>regnum</span> <span class='ocrx_word' id='word_1_111' title='bbox 336 1074 446 1110; x_wconf 70' lang='lat' dir='ltr'>erata</span> <span class='ocrx_word' id='word_1_112' title='bbox 493 1074 735 1125; x_wconf 85' lang='lat' dir='ltr'>opponetur,</span> <span class='ocrx_word' id='word_1_113' title='bbox 778 1066 833 1109; x_wconf 91' lang='lat' dir='ltr'>Et</span> <span class='ocrx_word' id='word_1_114' title='bbox 861 1066 1162 1111; x_wconf 83' lang='lat' dir='ltr'>Callisthenem.</span> <span class='ocrx_word' id='word_1_115' title='bbox 1223 1070 1405 1124; x_wconf 84' lang='lat' dir='ltr'>quotiens</span> <span class='ocrx_word' id='word_1_116' title='bbox 1443 1069 1588 1111; x_wconf 85' lang='lat' dir='ltr'>dictum</span> <span class='ocrx_word' id='word_1_117' title='bbox 1605 1084 1622 1111; x_wconf 78' lang='lat' dir='ltr'>s</span> 
     </span>
     <span class='ocr_line' id='line_1_15' title="bbox 134 1132 1589 1192; baseline 0.003 -17"><span class='ocrx_word' id='word_1_118' title='bbox 134 1133 234 1186; x_wconf 85' lang='lat' dir='ltr'>erit,</span> <span class='ocrx_word' id='word_1_119' title='bbox 273 1132 418 1178; x_wconf 78' lang='lat' dir='ltr'>Omnia</span> <span class='ocrx_word' id='word_1_120' title='bbox 441 1132 604 1178; x_wconf 87' lang='lat' dir='ltr'>Oceano</span> <span class='ocrx_word' id='word_1_121' title='bbox 627 1142 742 1178; x_wconf 88' lang='lat' dir='ltr'>tenus</span> <span class='ocrx_word' id='word_1_122' title='bbox 764 1135 884 1188; x_wconf 83' lang='lat' dir='ltr'>uicit,</span> <span class='ocrx_word' id='word_1_123' title='bbox 926 1136 1052 1192; x_wconf 88' lang='lat' dir='ltr'>ipsum</span> <span class='ocrx_word' id='word_1_124' title='bbox 1072 1150 1226 1192; x_wconf 89' lang='lat' dir='ltr'>quoque</span> <span class='ocrx_word' id='word_1_125' title='bbox 1250 1137 1454 1192; x_wconf 87' lang='lat' dir='ltr'>temptauit</span> <span class='ocrx_word' id='word_1_126' title='bbox 1473 1137 1589 1179; x_wconf 90' lang='lat' dir='ltr'>nouis</span> 
     </span>
     <span class='ocr_line' id='line_1_16' title="bbox 132 1201 1589 1260; baseline 0.002 -17"><span class='ocrx_word' id='word_1_127' title='bbox 132 1201 326 1245; x_wconf 84' lang='lat' dir='ltr'>classibus</span> <span class='ocrx_word' id='word_1_128' title='bbox 345 1209 386 1245; x_wconf 84' lang='lat' dir='ltr'>et</span> <span class='ocrx_word' id='word_1_129' title='bbox 405 1203 610 1260; x_wconf 88' lang='lat' dir='ltr'>imperium</span> <span class='ocrx_word' id='word_1_130' title='bbox 633 1217 688 1245; x_wconf 83' lang='lat' dir='ltr'>ex</span> <span class='ocrx_word' id='word_1_131' title='bbox 708 1204 852 1259; x_wconf 85' lang='lat' dir='ltr'>angulo</span> <span class='ocrx_word' id='word_1_132' title='bbox 877 1203 1076 1246; x_wconf 80' lang='lat' dir='ltr'>Thraciae</span> <span class='ocrx_word' id='word_1_133' title='bbox 1098 1219 1221 1260; x_wconf 90' lang='lat' dir='ltr'>usque</span> <span class='ocrx_word' id='word_1_134' title='bbox 1243 1205 1291 1246; x_wconf 85' lang='lat' dir='ltr'>ad</span> <span class='ocrx_word' id='word_1_135' title='bbox 1312 1203 1490 1247; x_wconf 81' lang='lat' dir='ltr'>Orientis</span> <span class='ocrx_word' id='word_1_136' title='bbox 1509 1211 1589 1247; x_wconf 87' lang='lat' dir='ltr'>ter-</span> 
     </span>
     <span class='ocr_line' id='line_1_17' title="bbox 132 1269 1590 1333; baseline 0.003 -22"><span class='ocrx_word' id='word_1_137' title='bbox 132 1269 262 1311; x_wconf 77' lang='lat' dir='ltr'>minos</span> <span class='ocrx_word' id='word_1_138' title='bbox 285 1271 468 1333; x_wconf 74' lang='lat' dir='ltr'>protulit:</span> <span class='ocrx_word' id='word_1_139' title='bbox 500 1271 666 1323; x_wconf 84' lang='lat' dir='ltr'>dicetur,</span> <span class='ocrx_word' id='word_1_140' title='bbox 700 1269 781 1313; x_wconf 88' lang='lat' dir='ltr'>Sed</span> <span class='ocrx_word' id='word_1_141' title='bbox 804 1269 1085 1313; x_wconf 80' lang='lat' dir='ltr'>Callisthenem</span> <span class='ocrx_word' id='word_1_142' title='bbox 1111 1273 1270 1315; x_wconf 84' lang='lat' dir='ltr'>occidit.</span> <span class='ocrx_word' id='word_1_143' title='bbox 1331 1271 1477 1315; x_wconf 84' lang='lat' dir='ltr'>Omnia</span> <span class='ocrx_word' id='word_1_144' title='bbox 1496 1273 1590 1315; x_wconf 86' lang='lat' dir='ltr'>licet</span> 
     </span>
    </p>
   </div>
   <div class='ocr_carea' id='block_1_4' title="bbox 1 1337 1589 1396">
    <p class='ocr_par' dir='ltr' id='par_1_4' title="bbox 1 1337 1589 1396">
     <span class='ocr_line' id='line_1_18' title="bbox 1 1337 1589 1396; baseline 0.003 -18"><span class='ocrx_word' id='word_1_145' title='bbox 1 1351 3 1353; x_wconf 90' lang='lat'>·</span> <span class='ocrx_word' id='word_1_146' title='bbox 61 1374 64 1377; x_wconf 72' lang='grc'>,</span> <span class='ocrx_word' id='word_1_147' title='bbox 131 1337 292 1393; x_wconf 74' lang='lat' dir='ltr'>antiqua</span> <span class='ocrx_word' id='word_1_148' title='bbox 318 1338 457 1380; x_wconf 86' lang='lat' dir='ltr'>ducum</span> <span class='ocrx_word' id='word_1_149' title='bbox 490 1352 707 1395; x_wconf 86' lang='lat' dir='ltr'>regumque</span> <span class='ocrx_word' id='word_1_150' title='bbox 738 1339 920 1394; x_wconf 85' lang='lat' dir='ltr'>exempla</span> <span class='ocrx_word' id='word_1_151' title='bbox 950 1340 1174 1393; x_wconf 85' lang='lat' dir='ltr'>transierit,</span> <span class='ocrx_word' id='word_1_152' title='bbox 1219 1355 1271 1382; x_wconf 89' lang='lat' dir='ltr'>ex</span> <span class='ocrx_word' id='word_1_153' title='bbox 1292 1341 1353 1382; x_wconf 90' lang='lat' dir='ltr'>his</span> <span class='ocrx_word' id='word_1_154' title='bbox 1374 1355 1475 1396; x_wconf 88' lang='lat' dir='ltr'>quae</span> <span class='ocrx_word' id='word_1_155' title='bbox 1497 1340 1589 1383; x_wconf 80' lang='lat' dir='ltr'>fecit</span> 
     </span>
    </p>
   </div>
   <div class='ocr_carea' id='block_1_5' title="bbox 132 1404 1586 1599">
    <p class='ocr_par' dir='ltr' id='par_1_5' title="bbox 132 1404 1586 1599">
     <span class='ocr_line' id='line_1_19' title="bbox 132 1404 1586 1462; baseline 0.003 -15"><span class='ocrx_word' id='word_1_156' title='bbox 132 1404 229 1447; x_wconf 81' lang='lat' dir='ltr'>nihil</span> <span class='ocrx_word' id='word_1_157' title='bbox 258 1411 336 1447; x_wconf 79' lang='lat' dir='ltr'>tam</span> <span class='ocrx_word' id='word_1_158' title='bbox 367 1404 548 1462; x_wconf 83' lang='lat' dir='ltr'>magnum</span> <span class='ocrx_word' id='word_1_159' title='bbox 581 1407 658 1448; x_wconf 88' lang='lat' dir='ltr'>erit</span> <span class='ocrx_word' id='word_1_160' title='bbox 683 1420 796 1462; x_wconf 88' lang='lat' dir='ltr'>quam</span> <span class='ocrx_word' id='word_1_161' title='bbox 822 1407 952 1448; x_wconf 84' lang='lat' dir='ltr'>scelus</span> <span class='ocrx_word' id='word_1_162' title='bbox 976 1408 1065 1449; x_wconf 87' lang='lat' dir='ltr'>hoe.</span> <span class='ocrx_word' id='word_1_163' title='bbox 1128 1405 1393 1450; x_wconf 84' lang='lat' dir='ltr'>Callisthenes</span> <span class='ocrx_word' id='word_1_164' title='bbox 1415 1409 1586 1450; x_wconf 89' lang='lat' dir='ltr'>inlibris</span> 
     </span>
     <span class='ocr_line' id='line_1_20' title="bbox 132 1472 1584 1531; baseline 0.001 -16"><span class='ocrx_word' id='word_1_165' title='bbox 132 1472 273 1528; x_wconf 87' lang='lat' dir='ltr'>quibus</span> <span class='ocrx_word' id='word_1_166' title='bbox 310 1474 498 1516; x_wconf 82' lang='lat' dir='ltr'>describit</span> <span class='ocrx_word' id='word_1_167' title='bbox 533 1475 856 1530; x_wconf 86' lang='lat' dir='ltr'>quemadmodum</span> <span class='ocrx_word' id='word_1_168' title='bbox 890 1474 1027 1516; x_wconf 84' lang='lat' dir='ltr'>Helice</span> <span class='ocrx_word' id='word_1_169' title='bbox 1056 1474 1253 1531; x_wconf 87' lang='lat' dir='ltr'>Burisque</span> <span class='ocrx_word' id='word_1_170' title='bbox 1283 1490 1440 1517; x_wconf 85' lang='lat' dir='ltr'>mersae</span> <span class='ocrx_word' id='word_1_171' title='bbox 1476 1483 1584 1528; x_wconf 89' lang='lat' dir='ltr'>sunt,</span> 
     </span>
     <span class='ocr_line' id='line_1_21' title="bbox 134 1540 1586 1599; baseline 0.002 -17"><span class='ocrx_word' id='word_1_172' title='bbox 134 1540 222 1596; x_wconf 88' lang='lat' dir='ltr'>quis</span> <span class='ocrx_word' id='word_1_173' title='bbox 241 1540 330 1583; x_wconf 87' lang='lat' dir='ltr'>illas</span> <span class='ocrx_word' id='word_1_174' title='bbox 351 1555 466 1584; x_wconf 86' lang='lat' dir='ltr'>casus</span> <span class='ocrx_word' id='word_1_175' title='bbox 490 1540 530 1583; x_wconf 93' lang='lat' dir='ltr'>in</span> <span class='ocrx_word' id='word_1_176' title='bbox 547 1555 656 1583; x_wconf 86' lang='lat' dir='ltr'>mare</span> <span class='ocrx_word' id='word_1_177' title='bbox 678 1542 744 1583; x_wconf 87' lang='lat' dir='ltr'>uel</span> <span class='ocrx_word' id='word_1_178' title='bbox 767 1541 809 1583; x_wconf 90' lang='lat' dir='ltr'>in</span> <span class='ocrx_word' id='word_1_179' title='bbox 829 1542 917 1584; x_wconf 84' lang='lat' dir='ltr'>illas</span> <span class='ocrx_word' id='word_1_180' title='bbox 942 1557 1051 1585; x_wconf 87' lang='lat' dir='ltr'>mare</span> <span class='ocrx_word' id='word_1_181' title='bbox 1072 1543 1276 1596; x_wconf 89' lang='lat' dir='ltr'>inmersit,</span> <span class='ocrx_word' id='word_1_182' title='bbox 1310 1542 1405 1585; x_wconf 81' lang='lat' dir='ltr'>dicit</span> <span class='ocrx_word' id='word_1_183' title='bbox 1421 1544 1459 1585; x_wconf 91' lang='lat' dir='ltr'>id</span> <span class='ocrx_word' id='word_1_184' title='bbox 1484 1544 1586 1599; x_wconf 92' lang='lat' dir='ltr'>quod</span> 
     </span>
    </p>
   </div>
   <div class='ocr_carea' id='block_1_6' title="bbox 132 1631 834 1711">
    <p class='ocr_par' dir='ltr' id='par_1_6' title="bbox 132 1631 834 1711">
     <span class='ocr_line' id='line_1_22' title="bbox 132 1631 834 1665; baseline 0.001 -1"><span class='ocrx_word' id='word_1_185' title='bbox 132 1633 223 1665; x_wconf 72' lang='lat' dir='ltr'>ninia</span> <span class='ocrx_word' id='word_1_186' title='bbox 243 1642 276 1665; x_wconf 89' lang='lat' dir='ltr'>v.</span> <span class='ocrx_word' id='word_1_187' title='bbox 300 1641 329 1664; x_wconf 87' lang='lat' dir='ltr'>r.</span> <span class='ocrx_word' id='word_1_188' title='bbox 376 1631 407 1665; x_wconf 90' lang='lat' dir='ltr'>G</span> <span class='ocrx_word' id='word_1_189' title='bbox 428 1646 475 1660; x_wconf 95' lang='lat'>=</span> <span class='ocrx_word' id='word_1_190' title='bbox 493 1635 597 1665; x_wconf 80' lang='lat' dir='ltr'>motus</span> <span class='ocrx_word' id='word_1_191' title='bbox 619 1633 834 1665; x_wconf 84' lang='lat' dir='ltr'>succeden-</span> 
     </span>
     <span class='ocr_line' id='line_1_23' title="bbox 133 1678 684 1711; baseline 0 -1"><span class='ocrx_word' id='word_1_192' title='bbox 133 1678 184 1710; x_wconf 80' lang='lat' dir='ltr'>tis.</span> <span class='ocrx_word' id='word_1_193' title='bbox 228 1678 370 1711; x_wconf 79' lang='lat' dir='ltr'>B==ad</span> <span class='ocrx_word' id='word_1_194' title='bbox 392 1679 684 1710; x_wconf 76' lang='lat' dir='ltr'>aliam-transeo.</span> 
     </span>
    </p>
   </div>
   <div class='ocr_carea' id='block_1_7' title="bbox 881 1638 1587 1766">
    <p class='ocr_par' dir='ltr' id='par_1_7' title="bbox 881 1638 1587 1766">
     <span class='ocr_line' id='line_1_24' title="bbox 882 1638 1584 1676; baseline 0.001 -11"><span class='ocrx_word' id='word_1_195' title='bbox 882 1647 927 1660; x_wconf 89' lang='lat'><strong><em>=</em></strong></span> <span class='ocrx_word' id='word_1_196' title='bbox 937 1643 1031 1674; x_wconf 80' lang='lat' dir='ltr'>penes</span> <span class='ocrx_word' id='word_1_197' title='bbox 1047 1644 1138 1675; x_wconf 83' lang='lat' dir='ltr'>quem</span> <span class='ocrx_word' id='word_1_198' title='bbox 1163 1638 1246 1667; x_wconf 85' lang='lat' dir='ltr'>lam</span> <span class='ocrx_word' id='word_1_199' title='bbox 1268 1645 1420 1676; x_wconf 69' lang='lat' dir='ltr'>magnum</span> <span class='ocrx_word' id='word_1_200' title='bbox 1437 1638 1503 1667; x_wconf 80' lang='lat' dir='ltr'>erat</span> <span class='ocrx_word' id='word_1_201' title='bbox 1517 1645 1584 1667; x_wconf 88' lang='lat' dir='ltr'>om.</span> 
     </span>
     <span class='ocr_line' id='line_1_25' title="bbox 881 1679 1587 1721; baseline 0 -10"><span class='ocrx_word' id='word_1_202' title='bbox 881 1688 1022 1719; x_wconf 72' lang='lat' dir='ltr'>regnum.</span> <span class='ocrx_word' id='word_1_203' title='bbox 1070 1679 1127 1712; x_wconf 73' lang='lat'>1²4.</span> <span class='ocrx_word' id='word_1_204' title='bbox 1153 1679 1215 1715; x_wconf 55' lang='lat'>51.</span> <span class='ocrx_word' id='word_1_205' title='bbox 1227 1703 1265 1715; x_wconf 83' lang='lat'>...</span> <span class='ocrx_word' id='word_1_206' title='bbox 1278 1680 1310 1714; x_wconf 57' lang='grc' dir='ltr'>,ἢ</span> <span class='ocrx_word' id='word_1_207' title='bbox 1322 1695 1368 1708; x_wconf 90' lang='lat'>=</span> <span class='ocrx_word' id='word_1_208' title='bbox 1377 1690 1471 1721; x_wconf 82' lang='lat' dir='ltr'>penes</span> <span class='ocrx_word' id='word_1_209' title='bbox 1494 1689 1587 1720; x_wconf 79' lang='lat' dir='ltr'>quem</span> 
     </span>
     <span class='ocr_line' id='line_1_26' title="bbox 882 1725 1586 1766; baseline 0.003 -11"><span class='ocrx_word' id='word_1_210' title='bbox 882 1727 982 1755; x_wconf 81' lang='lat' dir='ltr'>lunc</span> <span class='ocrx_word' id='word_1_211' title='bbox 1003 1734 1203 1766; x_wconf 71' lang='lat' dir='ltr'>maynum</span> <span class='ocrx_word' id='word_1_212' title='bbox 1225 1735 1357 1766; x_wconf 76' lang='lat' dir='ltr'>reynum</span> <span class='ocrx_word' id='word_1_213' title='bbox 1380 1728 1457 1757; x_wconf 80' lang='lat' dir='ltr'>erat.</span> <span class='ocrx_word' id='word_1_214' title='bbox 1501 1725 1525 1756; x_wconf 91' lang='lat' dir='ltr'>E</span> <span class='ocrx_word' id='word_1_215' title='bbox 1539 1739 1586 1752; x_wconf 90' lang='lat'><strong><em>=</em></strong></span> 
     </span>
    </p>
   </div>
   <div class='ocr_carea' id='block_1_8' title="bbox 366 1756 606 1801">
    <p class='ocr_par' dir='ltr' id='par_1_8' title="bbox 366 1756 606 1801">
     <span class='ocr_line' id='line_1_27' title="bbox 366 1756 606 1801; baseline -0.004 -12"><span class='ocrx_word' id='word_1_216' title='bbox 366 1756 450 1801; x_wconf 83' lang='lat' dir='ltr'>Cup.</span> <span class='ocrx_word' id='word_1_217' title='bbox 473 1756 606 1789; x_wconf 84' lang='lat' dir='ltr'>xxm.</span> 
     </span>
    </p>
   </div>
   <div class='ocr_carea' id='block_1_9' title="bbox 129 1811 840 2894">
    <p class='ocr_par' dir='ltr' id='par_1_9' title="bbox 131 1811 837 1993">
     <span class='ocr_line' id='line_1_28' title="bbox 181 1811 837 1856; baseline -0.002 -10"><span class='ocrx_word' id='word_1_218' title='bbox 181 1813 206 1845; x_wconf 88' lang='lat' dir='ltr'>B</span> <span class='ocrx_word' id='word_1_219' title='bbox 218 1828 264 1842; x_wconf 96' lang='lat'>=</span> <span class='ocrx_word' id='word_1_220' title='bbox 277 1823 328 1856; x_wconf 76' lang='lat' dir='ltr'>qu</span> <span class='ocrx_word' id='word_1_221' title='bbox 338 1823 356 1846; x_wconf 91' lang='grc' dir='ltr'><strong><em>ο</em></strong></span> <span class='ocrx_word' id='word_1_222' title='bbox 367 1813 390 1846; x_wconf 77' lang='lat' dir='ltr'>d</span> <span class='ocrx_word' id='word_1_223' title='bbox 412 1815 441 1846; x_wconf 77' lang='lat' dir='ltr'>si</span> <span class='ocrx_word' id='word_1_224' title='bbox 462 1813 553 1854; x_wconf 74' lang='lat' dir='ltr'>apua</span> <span class='ocrx_word' id='word_1_225' title='bbox 575 1816 603 1845; x_wconf 85' lang='lat' dir='ltr'>te</span> <span class='ocrx_word' id='word_1_226' title='bbox 616 1812 676 1854; x_wconf 60' lang='lat' dir='ltr'>[mk</span> <span class='ocrx_word' id='word_1_227' title='bbox 687 1811 747 1856; x_wconf 95' lang='lat'>=]</span> <span class='ocrx_word' id='word_1_228' title='bbox 763 1823 837 1853; x_wconf 87' lang='lat' dir='ltr'>pro-</span> 
     </span>
     <span class='ocr_line' id='line_1_29' title="bbox 133 1859 836 1900; baseline -0.001 -9"><span class='ocrx_word' id='word_1_229' title='bbox 133 1859 151 1900; x_wconf 74' lang='lat' dir='ltr'>t&#39;</span> <span class='ocrx_word' id='word_1_230' title='bbox 156 1861 261 1892; x_wconf 75' lang='lat' dir='ltr'>utura</span> <span class='ocrx_word' id='word_1_231' title='bbox 282 1860 405 1892; x_wconf 76' lang='lat' dir='ltr'>testium</span> <span class='ocrx_word' id='word_1_232' title='bbox 428 1860 519 1890; x_wconf 81' lang='lat' dir='ltr'>turba</span> <span class='ocrx_word' id='word_1_233' title='bbox 543 1861 597 1890; x_wconf 76' lang='lat' dir='ltr'>est.</span> <span class='ocrx_word' id='word_1_234' title='bbox 647 1859 670 1888; x_wconf 84' lang='lat' dir='ltr'>B</span> <span class='ocrx_word' id='word_1_235' title='bbox 684 1877 727 1882; x_wconf 88' lang='lat'>—</span> <span class='ocrx_word' id='word_1_236' title='bbox 743 1859 836 1890; x_wconf 78' lang='lat' dir='ltr'>eliam</span> 
     </span>
     <span class='ocr_line' id='line_1_30' title="bbox 133 1903 837 1938; baseline -0.001 -2"><span class='ocrx_word' id='word_1_237' title='bbox 133 1909 214 1937; x_wconf 69' lang='lat' dir='ltr'>ante</span> <span class='ocrx_word' id='word_1_238' title='bbox 246 1905 459 1938; x_wconf 76' lang='lat' dir='ltr'>callisthenes.</span> <span class='ocrx_word' id='word_1_239' title='bbox 515 1903 540 1935; x_wconf 90' lang='lat' dir='ltr'><strong>E</strong></span> <span class='ocrx_word' id='word_1_240' title='bbox 564 1917 611 1931; x_wconf 91' lang='lat'>=</span> <span class='ocrx_word' id='word_1_241' title='bbox 635 1905 837 1936; x_wconf 83' lang='lat' dir='ltr'>Calistenes</span> 
     </span>
     <span class='ocr_line' id='line_1_31' title="bbox 131 1948 767 1993; baseline -0.003 -11"><span class='ocrx_word' id='word_1_242' title='bbox 131 1950 245 1990; x_wconf 74' lang='lat' dir='ltr'>probat</span> <span class='ocrx_word' id='word_1_243' title='bbox 270 1950 305 1992; x_wconf 87' lang='lat' dir='ltr'>[e</span> <span class='ocrx_word' id='word_1_244' title='bbox 316 1948 376 1993; x_wconf 86' lang='lat'>=]</span> <span class='ocrx_word' id='word_1_245' title='bbox 401 1958 472 1982; x_wconf 86' lang='lat' dir='ltr'>nec</span> <span class='ocrx_word' id='word_1_246' title='bbox 496 1952 686 1989; x_wconf 73' lang='lat' dir='ltr'>contemptus</span> <span class='ocrx_word' id='word_1_247' title='bbox 707 1950 767 1981; x_wconf 84' lang='lat' dir='ltr'>vir.</span> 
     </span>
    </p>

    <p class='ocr_par' dir='ltr' id='par_1_10' title="bbox 178 1993 836 2028">
     <span class='ocr_line' id='line_1_32' title="bbox 178 1993 836 2028; baseline -0.003 -1"><span class='ocrx_word' id='word_1_248' title='bbox 178 1995 211 2027; x_wconf 84' lang='lat' dir='ltr'><em>H</em></span> <span class='ocrx_word' id='word_1_249' title='bbox 219 1996 256 2028; x_wconf 82' lang='lat' dir='ltr'>ie</span> <span class='ocrx_word' id='word_1_250' title='bbox 289 1997 334 2028; x_wconf 77' lang='lat' dir='ltr'>est</span> <span class='ocrx_word' id='word_1_251' title='bbox 367 1995 610 2027; x_wconf 77' lang='lat' dir='ltr'>Alexandri—</span> <span class='ocrx_word' id='word_1_252' title='bbox 565 2009 610 2021; x_wconf 94' lang='lat'><strong><em>=</em></strong></span> <span class='ocrx_word' id='word_1_253' title='bbox 637 1994 709 2025; x_wconf 85' lang='lat' dir='ltr'>BEe</span> <span class='ocrx_word' id='word_1_254' title='bbox 737 1993 836 2026; x_wconf 88' lang='lat' dir='ltr'>codd.</span> 
     </span>
    </p>

    <p class='ocr_par' dir='ltr' id='par_1_11' title="bbox 133 2038 838 2299">
     <span class='ocr_line' id='line_1_33' title="bbox 134 2038 764 2116; baseline -0.012 -40"><span class='ocrx_word' id='word_1_255' title='bbox 134 2040 214 2083; x_wconf 71' lang='lat' dir='ltr'>Ops·</span> <span class='ocrx_word' id='word_1_256' title='bbox 236 2040 340 2074; x_wconf 50' lang='lat' dir='ltr'>&amp;Run-</span> <span class='ocrx_word' id='word_1_257' title='bbox 411 2039 462 2071; x_wconf 86' lang='lat' dir='ltr'>Ge</span> <span class='ocrx_word' id='word_1_258' title='bbox 475 2042 517 2080; x_wconf 71' lang='grc' dir='ltr'>(ε.</span> <span class='ocrx_word' id='word_1_259' title='bbox 521 2050 564 2070; x_wconf 90' lang='lat' dir='ltr'>m</span> <span class='ocrx_word' id='word_1_260' title='bbox 569 2040 584 2080; x_wconf 91' lang='lat'><em>)</em></span> <span class='ocrx_word' id='word_1_261' title='bbox 598 2038 668 2071; x_wconf 92' lang='lat' dir='ltr'>Col.</span> <span class='ocrx_word' id='word_1_262' title='bbox 678 2040 764 2116; x_wconf 58' lang='grc' dir='ltr'>ἐξ..</span> 
     </span>
     <span class='ocr_line' id='line_1_34' title="bbox 137 2083 834 2128; baseline 0.003 -13"><span class='ocrx_word' id='word_1_263' title='bbox 137 2085 233 2128; x_wconf 83' lang='lat' dir='ltr'>(exc.</span> <span class='ocrx_word' id='word_1_264' title='bbox 256 2083 366 2126; x_wconf 54' lang='grc' dir='ltr'>ςΣῆιιιι)</span> <span class='ocrx_word' id='word_1_265' title='bbox 390 2099 436 2112; x_wconf 90' lang='lat'>=</span> <span class='ocrx_word' id='word_1_266' title='bbox 457 2084 540 2117; x_wconf 83' lang='lat' dir='ltr'>Hoc</span> <span class='ocrx_word' id='word_1_267' title='bbox 572 2087 616 2116; x_wconf 84' lang='lat' dir='ltr'>est</span> <span class='ocrx_word' id='word_1_268' title='bbox 650 2086 672 2116; x_wconf 85' lang='lat' dir='ltr'><em>A</em></span> <span class='ocrx_word' id='word_1_269' title='bbox 705 2086 834 2117; x_wconf 82' lang='lat' dir='ltr'>xandri.</span> 
     </span>
     <span class='ocr_line' id='line_1_35' title="bbox 134 2127 836 2173; baseline -0.004 -11"><span class='ocrx_word' id='word_1_270' title='bbox 134 2127 218 2162; x_wconf 79' lang='lat' dir='ltr'>Pan.</span> <span class='ocrx_word' id='word_1_271' title='bbox 240 2134 319 2162; x_wconf 80' lang='lat' dir='ltr'>nota</span> <span class='ocrx_word' id='word_1_272' title='bbox 341 2129 492 2162; x_wconf 79' lang='lat' dir='ltr'>scribunt</span> <span class='ocrx_word' id='word_1_273' title='bbox 510 2130 609 2162; x_wconf 86' lang='lat' dir='ltr'>Pron.</span> <span class='ocrx_word' id='word_1_274' title='bbox 660 2130 683 2161; x_wconf 88' lang='lat' dir='ltr'>E</span> <span class='ocrx_word' id='word_1_275' title='bbox 690 2129 836 2173; x_wconf 68' lang='lat' dir='ltr'>(—.sm)</span> <span class='ocrx_word' id='word_1_276' title='bbox 790 2144 835 2150; x_wconf 89' lang='lat'>-—</span> 
     </span>
     <span class='ocr_line' id='line_1_36' title="bbox 133 2176 836 2216; baseline 0 -9"><span class='ocrx_word' id='word_1_277' title='bbox 133 2177 205 2207; x_wconf 75' lang='lat' dir='ltr'>cui</span> <span class='ocrx_word' id='word_1_278' title='bbox 238 2177 280 2208; x_wconf 79' lang='grc' dir='ltr'><strong><em>ὶῆ</em></strong></span> <span class='ocrx_word' id='word_1_279' title='bbox 306 2183 339 2207; x_wconf 86' lang='lat' dir='ltr'>m</span> <span class='ocrx_word' id='word_1_280' title='bbox 361 2178 533 2208; x_wconf 66' lang='lat' dir='ltr'>acimum.</span> <span class='ocrx_word' id='word_1_281' title='bbox 579 2176 681 2216; x_wconf 86' lang='lat' dir='ltr'>e(n.)</span> <span class='ocrx_word' id='word_1_282' title='bbox 711 2180 745 2212; x_wconf 53' lang='grc' dir='ltr'>-ι-</span> <span class='ocrx_word' id='word_1_283' title='bbox 774 2177 836 2207; x_wconf 84' lang='lat' dir='ltr'>cri·-</span> 
     </span>
     <span class='ocr_line' id='line_1_37' title="bbox 133 2219 838 2262; baseline -0.001 -9"><span class='ocrx_word' id='word_1_284' title='bbox 133 2225 205 2253; x_wconf 68' lang='lat' dir='ltr'>mon</span> <span class='ocrx_word' id='word_1_285' title='bbox 227 2221 270 2253; x_wconf 84' lang='lat' dir='ltr'>in</span> <span class='ocrx_word' id='word_1_286' title='bbox 292 2222 463 2253; x_wconf 73' lang='lat' dir='ltr'>aeternum.</span> <span class='ocrx_word' id='word_1_287' title='bbox 501 2219 597 2262; x_wconf 57' lang='grc' dir='ltr'>(ἶριν.</span> <span class='ocrx_word' id='word_1_288' title='bbox 607 2221 722 2261; x_wconf 71' lang='lat' dir='ltr'>m)=</span> <span class='ocrx_word' id='word_1_289' title='bbox 733 2221 838 2261; x_wconf 81' lang='lat' dir='ltr'>quid</span> 
     </span>
     <span class='ocr_line' id='line_1_38' title="bbox 133 2266 356 2299; baseline -0.004 -1"><span class='ocrx_word' id='word_1_290' title='bbox 133 2266 223 2298; x_wconf 76' lang='lat' dir='ltr'>nulla</span> <span class='ocrx_word' id='word_1_291' title='bbox 245 2268 356 2299; x_wconf 76' lang='lat' dir='ltr'>virtus.</span> 
     </span>
    </p>

    <p class='ocr_par' dir='ltr' id='par_1_12' title="bbox 134 2309 840 2614">
     <span class='ocr_line' id='line_1_39' title="bbox 178 2309 838 2351; baseline -0.002 -8"><span class='ocrx_word' id='word_1_292' title='bbox 178 2309 213 2343; x_wconf 71' lang='lat'>2.</span> <span class='ocrx_word' id='word_1_293' title='bbox 250 2312 275 2345; x_wconf 84' lang='lat' dir='ltr'>B</span> <span class='ocrx_word' id='word_1_294' title='bbox 301 2315 335 2348; x_wconf 86' lang='lat' dir='ltr'>·l-</span> <span class='ocrx_word' id='word_1_295' title='bbox 362 2314 535 2351; x_wconf 72' lang='lat' dir='ltr'>opponetur</span> <span class='ocrx_word' id='word_1_296' title='bbox 555 2312 592 2343; x_wconf 72' lang='lat' dir='ltr'>ei</span> <span class='ocrx_word' id='word_1_297' title='bbox 626 2314 653 2343; x_wconf 79' lang='lat' dir='ltr'>el</span> <span class='ocrx_word' id='word_1_298' title='bbox 679 2312 838 2343; x_wconf 76' lang='lat' dir='ltr'>Calliste-</span> 
     </span>
     <span class='ocr_line' id='line_1_40' title="bbox 134 2354 838 2396; baseline -0.001 -8"><span class='ocrx_word' id='word_1_299' title='bbox 134 2365 215 2388; x_wconf 85' lang='lat' dir='ltr'>nem.</span> <span class='ocrx_word' id='word_1_300' title='bbox 239 2354 332 2388; x_wconf 77' lang='lat' dir='ltr'>Anio.</span> <span class='ocrx_word' id='word_1_301' title='bbox 344 2355 430 2387; x_wconf 85' lang='lat' dir='ltr'>Scal.</span> <span class='ocrx_word' id='word_1_302' title='bbox 441 2355 542 2388; x_wconf 80' lang='lat' dir='ltr'>Trist.</span> <span class='ocrx_word' id='word_1_303' title='bbox 556 2370 601 2383; x_wconf 94' lang='lat'>=</span> <span class='ocrx_word' id='word_1_304' title='bbox 613 2359 785 2396; x_wconf 73' lang='lat' dir='ltr'>opponetur</span> <span class='ocrx_word' id='word_1_305' title='bbox 800 2365 815 2387; x_wconf 93' lang='lat' dir='ltr'>e</span> <span class='ocrx_word' id='word_1_306' title='bbox 827 2357 838 2387; x_wconf 83' lang='grc' dir='ltr'>ι’</span> 
     </span>
     <span class='ocr_line' id='line_1_41' title="bbox 134 2400 840 2440; baseline -0.001 -7"><span class='ocrx_word' id='word_1_307' title='bbox 134 2404 163 2433; x_wconf 82' lang='lat' dir='ltr'>el</span> <span class='ocrx_word' id='word_1_308' title='bbox 187 2402 414 2433; x_wconf 73' lang='lat' dir='ltr'>Callisthenes.</span> <span class='ocrx_word' id='word_1_309' title='bbox 469 2400 550 2432; x_wconf 87' lang='lat' dir='ltr'>EeG</span> <span class='ocrx_word' id='word_1_310' title='bbox 563 2404 791 2440; x_wconf 83' lang='lat' dir='ltr'>=0pponetur</span> <span class='ocrx_word' id='word_1_311' title='bbox 812 2403 840 2432; x_wconf 81' lang='lat' dir='ltr'>et</span> 
     </span>
     <span class='ocr_line' id='line_1_42' title="bbox 138 2443 837 2479; baseline 0.001 -1"><span class='ocrx_word' id='word_1_312' title='bbox 138 2446 369 2478; x_wconf 59' lang='lat' dir='ltr'>calistenem</span> <span class='ocrx_word' id='word_1_313' title='bbox 396 2443 487 2477; x_wconf 74' lang='lat' dir='ltr'>Piae.</span> <span class='ocrx_word' id='word_1_314' title='bbox 502 2457 533 2477; x_wconf 92' lang='lat' dir='ltr'>v.</span> <span class='ocrx_word' id='word_1_315' title='bbox 546 2444 568 2477; x_wconf 92' lang='grc'>1.</span> <span class='ocrx_word' id='word_1_316' title='bbox 582 2443 643 2478; x_wconf 78' lang='lat'>1²3.</span> <span class='ocrx_word' id='word_1_317' title='bbox 656 2444 725 2476; x_wconf 91' lang='lat' dir='ltr'>Col.</span> <span class='ocrx_word' id='word_1_318' title='bbox 737 2443 837 2479; x_wconf 63' lang='grc'>38651.</span> 
     </span>
     <span class='ocr_line' id='line_1_43' title="bbox 135 2488 836 2531; baseline 0.001 -12"><span class='ocrx_word' id='word_1_319' title='bbox 135 2505 182 2519; x_wconf 79' lang='lat'>==</span> <span class='ocrx_word' id='word_1_320' title='bbox 204 2493 376 2531; x_wconf 73' lang='lat' dir='ltr'>opponetur</span> <span class='ocrx_word' id='word_1_321' title='bbox 409 2493 437 2522; x_wconf 84' lang='lat' dir='ltr'>el</span> <span class='ocrx_word' id='word_1_322' title='bbox 469 2491 699 2522; x_wconf 80' lang='lat' dir='ltr'>Callisthenes.</span> <span class='ocrx_word' id='word_1_323' title='bbox 742 2488 836 2521; x_wconf 74' lang='lat' dir='ltr'>Anio.</span> 
     </span>
     <span class='ocr_line' id='line_1_44' title="bbox 135 2534 838 2576; baseline -0.001 -8"><span class='ocrx_word' id='word_1_324' title='bbox 135 2534 222 2568; x_wconf 72' lang='lat' dir='ltr'>Scal-</span> <span class='ocrx_word' id='word_1_325' title='bbox 235 2534 395 2568; x_wconf 82' lang='lat' dir='ltr'>Trist.=</span> <span class='ocrx_word' id='word_1_326' title='bbox 417 2539 589 2576; x_wconf 65' lang='lat' dir='ltr'>opponenti·</span> <span class='ocrx_word' id='word_1_327' title='bbox 612 2535 650 2567; x_wconf 82' lang='lat' dir='ltr'>ei</span> <span class='ocrx_word' id='word_1_328' title='bbox 675 2536 838 2567; x_wconf 80' lang='lat' dir='ltr'>Callisthe-</span> 
     </span>
     <span class='ocr_line' id='line_1_45' title="bbox 137 2577 476 2614; baseline -0.009 0"><span class='ocrx_word' id='word_1_329' title='bbox 137 2591 218 2614; x_wconf 83' lang='lat' dir='ltr'>nes.</span> <span class='ocrx_word' id='word_1_330' title='bbox 243 2580 336 2613; x_wconf 83' lang='lat' dir='ltr'>Fert.</span> <span class='ocrx_word' id='word_1_331' title='bbox 351 2577 408 2612; x_wconf 74' lang='lat'>1’4.</span> <span class='ocrx_word' id='word_1_332' title='bbox 426 2593 476 2612; x_wconf 77' lang='grc' dir='ltr'>ω.</span> 
     </span>
    </p>

    <p class='ocr_par' dir='ltr' id='par_1_13' title="bbox 129 2628 839 2894">
     <span class='ocr_line' id='line_1_46' title="bbox 177 2628 838 2667; baseline 0 -9"><span class='ocrx_word' id='word_1_333' title='bbox 177 2635 273 2667; x_wconf 82' lang='lat' dir='ltr'>penes</span> <span class='ocrx_word' id='word_1_334' title='bbox 295 2635 386 2667; x_wconf 81' lang='lat' dir='ltr'>quem</span> <span class='ocrx_word' id='word_1_335' title='bbox 417 2629 500 2658; x_wconf 77' lang='lat' dir='ltr'>tum</span> <span class='ocrx_word' id='word_1_336' title='bbox 534 2628 765 2658; x_wconf 75' lang='lat' dir='ltr'>maximum</span> <span class='ocrx_word' id='word_1_337' title='bbox 790 2635 838 2658; x_wconf 88' lang='lat' dir='ltr'>re-</span> 
     </span>
     <span class='ocr_line' id='line_1_47' title="bbox 135 2672 838 2712; baseline -0.001 -8"><span class='ocrx_word' id='word_1_338' title='bbox 135 2681 233 2712; x_wconf 66' lang='lat' dir='ltr'>gnum</span> <span class='ocrx_word' id='word_1_339' title='bbox 256 2674 324 2704; x_wconf 79' lang='lat' dir='ltr'>erat</span> <span class='ocrx_word' id='word_1_340' title='bbox 344 2686 388 2698; x_wconf 97' lang='lat'>=</span> <span class='ocrx_word' id='word_1_341' title='bbox 413 2672 467 2702; x_wconf 78' lang='lat' dir='ltr'>Ee.</span> <span class='ocrx_word' id='word_1_342' title='bbox 540 2673 724 2711; x_wconf 83' lang='lat' dir='ltr'>B=penes</span> <span class='ocrx_word' id='word_1_343' title='bbox 746 2680 838 2711; x_wconf 86' lang='lat' dir='ltr'>quem</span> 
     </span>
     <span class='ocr_line' id='line_1_48' title="bbox 136 2715 839 2757; baseline -0.003 -8"><span class='ocrx_word' id='word_1_344' title='bbox 136 2720 234 2749; x_wconf 82' lang='lat' dir='ltr'>lunc</span> <span class='ocrx_word' id='word_1_345' title='bbox 256 2718 435 2749; x_wconf 78' lang='lat' dir='ltr'>maximum</span> <span class='ocrx_word' id='word_1_346' title='bbox 455 2719 522 2748; x_wconf 82' lang='lat' dir='ltr'>erat</span> <span class='ocrx_word' id='word_1_347' title='bbox 544 2726 686 2757; x_wconf 70' lang='lat' dir='ltr'>reynum.</span> <span class='ocrx_word' id='word_1_348' title='bbox 730 2715 839 2747; x_wconf 79' lang='lat' dir='ltr'>Etiam</span> 
     </span>
     <span class='ocr_line' id='line_1_49' title="bbox 137 2760 838 2804; baseline -0.003 -10"><span class='ocrx_word' id='word_1_349' title='bbox 137 2760 237 2794; x_wconf 89' lang='lat' dir='ltr'>codd.</span> <span class='ocrx_word' id='word_1_350' title='bbox 261 2763 341 2804; x_wconf 90' lang='lat' dir='ltr'>Ops.</span> <span class='ocrx_word' id='word_1_351' title='bbox 364 2760 450 2794; x_wconf 80' lang='lat' dir='ltr'>Scal.</span> <span class='ocrx_word' id='word_1_352' title='bbox 470 2775 516 2790; x_wconf 81' lang='lat'><em>=</em></span> <span class='ocrx_word' id='word_1_353' title='bbox 538 2763 695 2794; x_wconf 75' lang='lat' dir='ltr'>maxim</span> <span class='ocrx_word' id='word_1_354' title='bbox 705 2771 726 2792; x_wconf 88' lang='grc' dir='ltr'>ιι</span> <span class='ocrx_word' id='word_1_355' title='bbox 736 2771 768 2793; x_wconf 87' lang='lat' dir='ltr'>m</span> <span class='ocrx_word' id='word_1_356' title='bbox 790 2770 838 2793; x_wconf 87' lang='lat' dir='ltr'>re-</span> 
     </span>
     <span class='ocr_line' id='line_1_50' title="bbox 129 2805 838 2850; baseline 0.001 -10"><span class='ocrx_word' id='word_1_357' title='bbox 129 2816 246 2848; x_wconf 67' lang='lat' dir='ltr'>mitam.</span> <span class='ocrx_word' id='word_1_358' title='bbox 293 2806 324 2838; x_wconf 89' lang='lat' dir='ltr'><strong>G</strong></span> <span class='ocrx_word' id='word_1_359' title='bbox 335 2821 380 2835; x_wconf 88' lang='lat'><strong><em>=</em></strong></span> <span class='ocrx_word' id='word_1_360' title='bbox 391 2816 485 2848; x_wconf 84' lang='lat' dir='ltr'>penes</span> <span class='ocrx_word' id='word_1_361' title='bbox 507 2817 548 2848; x_wconf 86' lang='lat' dir='ltr'>qu</span> <span class='ocrx_word' id='word_1_362' title='bbox 560 2817 580 2839; x_wconf 85' lang='lat' dir='ltr'>a</span> <span class='ocrx_word' id='word_1_363' title='bbox 589 2817 622 2839; x_wconf 88' lang='lat' dir='ltr'>m</span> <span class='ocrx_word' id='word_1_364' title='bbox 644 2805 720 2850; x_wconf 81' lang='grc' dir='ltr'>[Ρὸ.</span> <span class='ocrx_word' id='word_1_365' title='bbox 734 2808 766 2841; x_wconf 69' lang='lat'>&gt;23</span> <span class='ocrx_word' id='word_1_366' title='bbox 777 2805 838 2850; x_wconf 88' lang='lat'>=]</span> 
     </span>
     <span class='ocr_line' id='line_1_51' title="bbox 135 2850 839 2894; baseline -0.001 -9"><span class='ocrx_word' id='word_1_367' title='bbox 135 2861 225 2885; x_wconf 81' lang='lat' dir='ltr'>cum</span> <span class='ocrx_word' id='word_1_368' title='bbox 258 2861 456 2894; x_wconf 75' lang='lat' dir='ltr'>maynum</span> <span class='ocrx_word' id='word_1_369' title='bbox 487 2862 618 2894; x_wconf 69' lang='lat' dir='ltr'>reynum</span> <span class='ocrx_word' id='word_1_370' title='bbox 642 2854 718 2884; x_wconf 81' lang='lat' dir='ltr'>erat.</span> <span class='ocrx_word' id='word_1_371' title='bbox 768 2850 839 2885; x_wconf 91' lang='lat' dir='ltr'>Col.</span> 
     </span>
    </p>
   </div>
   <div class='ocr_carea' id='block_1_10' title="bbox 880 1770 1588 2890">
    <p class='ocr_par' dir='ltr' id='par_1_14' title="bbox 880 1770 1586 1990">
     <span class='ocr_line' id='line_1_52' title="bbox 880 1770 1586 1809; baseline 0.004 -9"><span class='ocrx_word' id='word_1_372' title='bbox 880 1771 1053 1809; x_wconf 71' lang='lat' dir='ltr'>&#39;opponetur</span> <span class='ocrx_word' id='word_1_373' title='bbox 1087 1773 1115 1801; x_wconf 80' lang='lat' dir='ltr'>el</span> <span class='ocrx_word' id='word_1_374' title='bbox 1150 1772 1270 1802; x_wconf 86' lang='lat' dir='ltr'>Calisl</span> <span class='ocrx_word' id='word_1_375' title='bbox 1281 1780 1386 1803; x_wconf 87' lang='lat' dir='ltr'>enes.</span> <span class='ocrx_word' id='word_1_376' title='bbox 1429 1770 1518 1802; x_wconf 89' lang='lat' dir='ltr'>mGe</span> <span class='ocrx_word' id='word_1_377' title='bbox 1539 1785 1586 1798; x_wconf 85' lang='lat'>==</span> 
     </span>
     <span class='ocr_line' id='line_1_53' title="bbox 881 1815 1586 1857; baseline 0 -11"><span class='ocrx_word' id='word_1_378' title='bbox 881 1817 1053 1854; x_wconf 77' lang='lat' dir='ltr'>opponetur</span> <span class='ocrx_word' id='word_1_379' title='bbox 1074 1817 1111 1846; x_wconf 85' lang='lat' dir='ltr'>ei</span> <span class='ocrx_word' id='word_1_380' title='bbox 1141 1816 1319 1848; x_wconf 85' lang='lat' dir='ltr'>Calisten</span> <span class='ocrx_word' id='word_1_381' title='bbox 1331 1825 1380 1848; x_wconf 87' lang='lat' dir='ltr'>es.</span> <span class='ocrx_word' id='word_1_382' title='bbox 1428 1815 1457 1846; x_wconf 94' lang='lat' dir='ltr'><strong>G</strong></span> <span class='ocrx_word' id='word_1_383' title='bbox 1471 1817 1586 1857; x_wconf 71' lang='lat' dir='ltr'>(mm)</span> 
     </span>
     <span class='ocr_line' id='line_1_54' title="bbox 884 1860 1587 1901; baseline 0.007 -12"><span class='ocrx_word' id='word_1_384' title='bbox 884 1876 927 1883; x_wconf 89' lang='lat'><strong>—</strong></span> <span class='ocrx_word' id='word_1_385' title='bbox 953 1860 1147 1892; x_wconf 83' lang='lat' dir='ltr'>Callistenem</span> <span class='ocrx_word' id='word_1_386' title='bbox 1174 1884 1182 1892; x_wconf 89' lang='lat'>.</span> <span class='ocrx_word' id='word_1_387' title='bbox 1220 1863 1389 1901; x_wconf 77' lang='lat' dir='ltr'>.quoliens</span> <span class='ocrx_word' id='word_1_388' title='bbox 1412 1862 1533 1894; x_wconf 77' lang='lat' dir='ltr'>dictum</span> <span class='ocrx_word' id='word_1_389' title='bbox 1555 1871 1587 1894; x_wconf 82' lang='lat' dir='ltr'>e-</span> 
     </span>
     <span class='ocr_line' id='line_1_55' title="bbox 880 1904 1585 1950; baseline 0.003 -13"><span class='ocrx_word' id='word_1_390' title='bbox 880 1906 933 1937; x_wconf 74' lang='lat' dir='ltr'>rit.</span> <span class='ocrx_word' id='word_1_391' title='bbox 952 1904 1046 1939; x_wconf 67' lang='lat'>‘23—</span> <span class='ocrx_word' id='word_1_392' title='bbox 1004 1908 1272 1945; x_wconf 83' lang='lat' dir='ltr'>—opponetur..</span> <span class='ocrx_word' id='word_1_393' title='bbox 1287 1908 1455 1946; x_wconf 61' lang='lat' dir='ltr'>‚quotiens</span> <span class='ocrx_word' id='word_1_394' title='bbox 1479 1907 1585 1950; x_wconf 80' lang='lat' dir='ltr'>Bong-</span> 
     </span>
     <span class='ocr_line' id='line_1_56' title="bbox 883 1929 1488 1990; baseline 0 -6"><span class='ocrx_word' id='word_1_395' title='bbox 883 1948 946 1984; x_wconf 67' lang='lat' dir='ltr'>OEl.</span> <span class='ocrx_word' id='word_1_396' title='bbox 957 1963 1002 1977; x_wconf 88' lang='lat'>=</span> <span class='ocrx_word' id='word_1_397' title='bbox 1012 1954 1183 1990; x_wconf 81' lang='lat' dir='ltr'>opponetur</span> <span class='ocrx_word' id='word_1_398' title='bbox 1205 1954 1233 1983; x_wconf 81' lang='lat' dir='ltr'>el</span> <span class='ocrx_word' id='word_1_399' title='bbox 1258 1929 1426 1984; x_wconf 71' lang='lat' dir='ltr'>Callisthen</span> <span class='ocrx_word' id='word_1_400' title='bbox 1437 1961 1451 1983; x_wconf 90' lang='lat' dir='ltr'>e</span> <span class='ocrx_word' id='word_1_401' title='bbox 1462 1961 1488 1984; x_wconf 89' lang='lat' dir='ltr'>s.</span> 
     </span>
    </p>

    <p class='ocr_par' dir='ltr' id='par_1_15' title="bbox 926 1993 1487 2037">
     <span class='ocr_line' id='line_1_57' title="bbox 926 1993 1487 2037; baseline 0.005 -11"><span class='ocrx_word' id='word_1_402' title='bbox 926 1993 960 2027; x_wconf 85' lang='lat'>3.</span> <span class='ocrx_word' id='word_1_403' title='bbox 987 1995 1012 2026; x_wconf 89' lang='grc' dir='ltr'><strong>Β</strong></span> <span class='ocrx_word' id='word_1_404' title='bbox 1028 1999 1063 2033; x_wconf 66' lang='lat' dir='ltr'>-l-</span> <span class='ocrx_word' id='word_1_405' title='bbox 1081 1997 1199 2027; x_wconf 84' lang='lat' dir='ltr'>ducum</span> <span class='ocrx_word' id='word_1_406' title='bbox 1210 2006 1229 2036; x_wconf 86' lang='lat' dir='ltr'>q</span> <span class='ocrx_word' id='word_1_407' title='bbox 1239 2007 1260 2028; x_wconf 83' lang='grc' dir='ltr'>ιι</span> <span class='ocrx_word' id='word_1_408' title='bbox 1270 2006 1285 2028; x_wconf 87' lang='lat' dir='ltr'>e</span> <span class='ocrx_word' id='word_1_409' title='bbox 1307 2006 1487 2037; x_wconf 71' lang='lat' dir='ltr'>reyumque.</span> 
     </span>
    </p>

    <p class='ocr_par' dir='ltr' id='par_1_16' title="bbox 881 2042 1587 2704">
     <span class='ocr_line' id='line_1_58' title="bbox 926 2042 1586 2080; baseline 0.005 -9"><span class='ocrx_word' id='word_1_410' title='bbox 926 2050 1023 2080; x_wconf 84' lang='lat' dir='ltr'>quam</span> <span class='ocrx_word' id='word_1_411' title='bbox 1043 2042 1144 2073; x_wconf 83' lang='lat' dir='ltr'>scelus</span> <span class='ocrx_word' id='word_1_412' title='bbox 1165 2042 1248 2073; x_wconf 87' lang='lat' dir='ltr'>hoc.</span> <span class='ocrx_word' id='word_1_413' title='bbox 1278 2043 1488 2074; x_wconf 80' lang='lat' dir='ltr'>Callisthenes.</span> <span class='ocrx_word' id='word_1_414' title='bbox 1534 2043 1586 2074; x_wconf 80' lang='lat' dir='ltr'>Ita</span> 
     </span>
     <span class='ocr_line' id='line_1_59' title="bbox 881 2084 1584 2119; baseline 0.004 -3"><span class='ocrx_word' id='word_1_415' title='bbox 881 2084 1027 2117; x_wconf 82' lang='lat' dir='ltr'>scribere</span> <span class='ocrx_word' id='word_1_416' title='bbox 1062 2096 1128 2117; x_wconf 90' lang='lat' dir='ltr'>non</span> <span class='ocrx_word' id='word_1_417' title='bbox 1169 2084 1330 2118; x_wconf 80' lang='lat' dir='ltr'>dubitavi.</span> <span class='ocrx_word' id='word_1_418' title='bbox 1388 2087 1498 2119; x_wconf 84' lang='lat' dir='ltr'>BEeG</span> <span class='ocrx_word' id='word_1_419' title='bbox 1524 2087 1584 2119; x_wconf 87' lang='lat' dir='ltr'>Gr.</span> 
     </span>
     <span class='ocr_line' id='line_1_60' title="bbox 883 2129 1585 2173; baseline 0.004 -12"><span class='ocrx_word' id='word_1_420' title='bbox 883 2129 982 2162; x_wconf 91' lang='lat' dir='ltr'>codd.</span> <span class='ocrx_word' id='word_1_421' title='bbox 995 2132 1074 2173; x_wconf 86' lang='lat' dir='ltr'>Ops.</span> <span class='ocrx_word' id='word_1_422' title='bbox 1087 2132 1119 2165; x_wconf 71' lang='lat'>§13</span> <span class='ocrx_word' id='word_1_423' title='bbox 1130 2146 1172 2159; x_wconf 91' lang='lat'>=</span> <span class='ocrx_word' id='word_1_424' title='bbox 1185 2141 1281 2171; x_wconf 83' lang='lat' dir='ltr'>quam</span> <span class='ocrx_word' id='word_1_425' title='bbox 1295 2133 1405 2163; x_wconf 84' lang='lat' dir='ltr'>scelus.</span> <span class='ocrx_word' id='word_1_426' title='bbox 1430 2133 1449 2164; x_wconf 89' lang='lat' dir='ltr'>h</span> <span class='ocrx_word' id='word_1_427' title='bbox 1460 2134 1471 2164; x_wconf 84' lang='lat' dir='ltr'>i</span> <span class='ocrx_word' id='word_1_428' title='bbox 1479 2142 1495 2164; x_wconf 89' lang='lat' dir='ltr'>c</span> <span class='ocrx_word' id='word_1_429' title='bbox 1511 2133 1585 2165; x_wconf 87' lang='lat' dir='ltr'>Cal-</span> 
     </span>
     <span class='ocr_line' id='line_1_61' title="bbox 882 2174 1586 2216; baseline 0.01 -10"><span class='ocrx_word' id='word_1_430' title='bbox 882 2176 1034 2207; x_wconf 80' lang='lat' dir='ltr'>listhenes.</span> <span class='ocrx_word' id='word_1_431' title='bbox 1085 2174 1148 2210; x_wconf 59' lang='lat' dir='ltr'>(Sl.</span> <span class='ocrx_word' id='word_1_432' title='bbox 1172 2199 1183 2210; x_wconf 57' lang='lat'><em>0</em></span> <span class='ocrx_word' id='word_1_433' title='bbox 1195 2199 1204 2210; x_wconf 83' lang='lat'>.</span> <span class='ocrx_word' id='word_1_434' title='bbox 1220 2199 1229 2209; x_wconf 85' lang='grc'><strong>.</strong></span> <span class='ocrx_word' id='word_1_435' title='bbox 1255 2178 1277 2210; x_wconf 66' lang='lat'>2².</span> <span class='ocrx_word' id='word_1_436' title='bbox 1289 2176 1342 2216; x_wconf 59' lang='lat' dir='ltr'>zu</span> <span class='ocrx_word' id='word_1_437' title='bbox 1355 2178 1427 2211; x_wconf 52' lang='lat' dir='ltr'>(ero</span> <span class='ocrx_word' id='word_1_438' title='bbox 1449 2176 1519 2212; x_wconf 59' lang='lat'>332.</span> <span class='ocrx_word' id='word_1_439' title='bbox 1538 2192 1586 2206; x_wconf 87' lang='lat'>=</span> 
     </span>
     <span class='ocr_line' id='line_1_62' title="bbox 881 2222 1585 2261; baseline 0.006 -10"><span class='ocrx_word' id='word_1_440' title='bbox 881 2229 979 2261; x_wconf 84' lang='lat' dir='ltr'>quam</span> <span class='ocrx_word' id='word_1_441' title='bbox 1010 2222 1110 2253; x_wconf 81' lang='lat' dir='ltr'>scelus</span> <span class='ocrx_word' id='word_1_442' title='bbox 1155 2222 1460 2254; x_wconf 79' lang='lat' dir='ltr'>Callisthenes.</span> <span class='ocrx_word' id='word_1_443' title='bbox 1509 2224 1585 2255; x_wconf 86' lang='lat' dir='ltr'>Hic</span> 
     </span>
     <span class='ocr_line' id='line_1_63' title="bbox 885 2262 1586 2309; baseline 0.007 -11"><span class='ocrx_word' id='word_1_444' title='bbox 885 2266 1096 2298; x_wconf 77' lang='lat' dir='ltr'>Callisthenes.</span> <span class='ocrx_word' id='word_1_445' title='bbox 1144 2262 1280 2301; x_wconf 57' lang='grc' dir='ltr'>ἳ-Μὸι.</span> <span class='ocrx_word' id='word_1_446' title='bbox 1293 2267 1351 2301; x_wconf 66' lang='lat' dir='ltr'>{Ru</span> <span class='ocrx_word' id='word_1_447' title='bbox 1364 2267 1398 2302; x_wconf 67' lang='lat' dir='ltr'>Sl</span> <span class='ocrx_word' id='word_1_448' title='bbox 1418 2283 1465 2296; x_wconf 91' lang='lat'><strong><em>=</em></strong></span> <span class='ocrx_word' id='word_1_449' title='bbox 1488 2278 1586 2309; x_wconf 83' lang='lat' dir='ltr'>quam</span> 
     </span>
     <span class='ocr_line' id='line_1_64' title="bbox 883 2312 1587 2345; baseline 0.006 -4"><span class='ocrx_word' id='word_1_450' title='bbox 883 2312 982 2342; x_wconf 71' lang='lat' dir='ltr'>scelus</span> <span class='ocrx_word' id='word_1_451' title='bbox 1030 2312 1330 2343; x_wconf 76' lang='lat' dir='ltr'>Callisthenis.</span> <span class='ocrx_word' id='word_1_452' title='bbox 1376 2313 1450 2344; x_wconf 85' lang='lat' dir='ltr'>Hic</span> <span class='ocrx_word' id='word_1_453' title='bbox 1489 2315 1587 2345; x_wconf 86' lang='lat' dir='ltr'>Calli-</span> 
     </span>
     <span class='ocr_line' id='line_1_65' title="bbox 883 2355 1586 2398; baseline 0.007 -12"><span class='ocrx_word' id='word_1_454' title='bbox 883 2357 1011 2386; x_wconf 78' lang='lat' dir='ltr'>sthenes.</span> <span class='ocrx_word' id='word_1_455' title='bbox 1061 2356 1165 2398; x_wconf 83' lang='lat' dir='ltr'>Bong.</span> <span class='ocrx_word' id='word_1_456' title='bbox 1187 2355 1228 2388; x_wconf 89' lang='lat' dir='ltr'>ci.</span> <span class='ocrx_word' id='word_1_457' title='bbox 1242 2370 1285 2383; x_wconf 90' lang='lat'><strong><em>=</em></strong></span> <span class='ocrx_word' id='word_1_458' title='bbox 1295 2366 1392 2396; x_wconf 81' lang='lat' dir='ltr'>quam</span> <span class='ocrx_word' id='word_1_459' title='bbox 1416 2368 1433 2389; x_wconf 92' lang='lat' dir='ltr'>o</span> <span class='ocrx_word' id='word_1_460' title='bbox 1444 2368 1460 2390; x_wconf 89' lang='lat' dir='ltr'>c</span> <span class='ocrx_word' id='word_1_461' title='bbox 1469 2359 1504 2390; x_wconf 86' lang='lat' dir='ltr'>ci</span> <span class='ocrx_word' id='word_1_462' title='bbox 1515 2367 1530 2390; x_wconf 89' lang='lat' dir='ltr'>s</span> <span class='ocrx_word' id='word_1_463' title='bbox 1539 2368 1560 2390; x_wconf 84' lang='lat' dir='ltr'>u</span> <span class='ocrx_word' id='word_1_464' title='bbox 1570 2367 1586 2390; x_wconf 83' lang='lat' dir='ltr'>s</span> 
     </span>
     <span class='ocr_line' id='line_1_66' title="bbox 887 2401 1549 2435; baseline 0.005 -3"><span class='ocrx_word' id='word_1_465' title='bbox 887 2401 1190 2433; x_wconf 79' lang='lat' dir='ltr'>Callisthenes.</span> <span class='ocrx_word' id='word_1_466' title='bbox 1236 2403 1310 2433; x_wconf 86' lang='lat' dir='ltr'>Hic</span> <span class='ocrx_word' id='word_1_467' title='bbox 1336 2403 1549 2435; x_wconf 83' lang='lat' dir='ltr'>Callisthenes.</span> 
     </span>
     <span class='ocr_line' id='line_1_67' title="bbox 884 2444 1585 2486; baseline 0.009 -11"><span class='ocrx_word' id='word_1_468' title='bbox 884 2444 909 2475; x_wconf 91' lang='lat' dir='ltr'>B</span> <span class='ocrx_word' id='word_1_469' title='bbox 920 2459 965 2472; x_wconf 90' lang='lat'>=</span> <span class='ocrx_word' id='word_1_470' title='bbox 977 2446 1004 2476; x_wconf 87' lang='grc' dir='ltr'><strong><em>Ε</em></strong></span> <span class='ocrx_word' id='word_1_471' title='bbox 1013 2445 1023 2475; x_wconf 93' lang='lat' dir='ltr'>l</span> <span class='ocrx_word' id='word_1_472' title='bbox 1035 2446 1070 2478; x_wconf 86' lang='lat' dir='ltr'>ic</span> <span class='ocrx_word' id='word_1_473' title='bbox 1079 2456 1095 2478; x_wconf 90' lang='lat' dir='ltr'>e</span> <span class='ocrx_word' id='word_1_474' title='bbox 1106 2447 1260 2486; x_wconf 81' lang='lat' dir='ltr'>Burisque</span> <span class='ocrx_word' id='word_1_475' title='bbox 1281 2455 1296 2478; x_wconf 88' lang='lat' dir='ltr'>s</span> <span class='ocrx_word' id='word_1_476' title='bbox 1305 2456 1326 2478; x_wconf 82' lang='grc' dir='ltr'>ιι</span> <span class='ocrx_word' id='word_1_477' title='bbox 1336 2447 1354 2477; x_wconf 91' lang='lat' dir='ltr'><em>b</em></span> <span class='ocrx_word' id='word_1_478' title='bbox 1363 2456 1485 2480; x_wconf 86' lang='lat' dir='ltr'>mersae</span> <span class='ocrx_word' id='word_1_479' title='bbox 1503 2452 1585 2482; x_wconf 81' lang='lat' dir='ltr'>sunl.</span> 
     </span>
     <span class='ocr_line' id='line_1_68' title="bbox 883 2489 1586 2534; baseline 0.007 -13"><span class='ocrx_word' id='word_1_480' title='bbox 883 2489 964 2521; x_wconf 86' lang='lat' dir='ltr'>EeG</span> <span class='ocrx_word' id='word_1_481' title='bbox 976 2504 1022 2517; x_wconf 92' lang='lat'>=</span> <span class='ocrx_word' id='word_1_482' title='bbox 1034 2491 1113 2522; x_wconf 83' lang='lat' dir='ltr'>llic</span> <span class='ocrx_word' id='word_1_483' title='bbox 1123 2500 1138 2523; x_wconf 90' lang='lat' dir='ltr'>e</span> <span class='ocrx_word' id='word_1_484' title='bbox 1160 2492 1324 2531; x_wconf 81' lang='lat' dir='ltr'>Eurisque.</span> <span class='ocrx_word' id='word_1_485' title='bbox 1356 2492 1405 2524; x_wconf 88' lang='lat' dir='ltr'>sG</span> <span class='ocrx_word' id='word_1_486' title='bbox 1416 2508 1462 2521; x_wconf 90' lang='lat'>=</span> <span class='ocrx_word' id='word_1_487' title='bbox 1473 2494 1562 2534; x_wconf 79' lang='lat' dir='ltr'>Hely</span> <span class='ocrx_word' id='word_1_488' title='bbox 1572 2512 1586 2519; x_wconf 88' lang='lat'><strong>·</strong></span> 
     </span>
     <span class='ocr_line' id='line_1_69' title="bbox 883 2536 1586 2577; baseline 0.009 -11"><span class='ocrx_word' id='word_1_489' title='bbox 883 2544 926 2566; x_wconf 92' lang='lat' dir='ltr'>ce.</span> <span class='ocrx_word' id='word_1_490' title='bbox 973 2536 1006 2570; x_wconf 68' lang='lat'>‚³13</span> <span class='ocrx_word' id='word_1_491' title='bbox 1018 2549 1063 2563; x_wconf 85' lang='lat'><strong><em>=</em></strong></span> <span class='ocrx_word' id='word_1_492' title='bbox 1075 2538 1086 2567; x_wconf 88' lang='lat' dir='ltr'>i</span> <span class='ocrx_word' id='word_1_493' title='bbox 1097 2537 1189 2568; x_wconf 87' lang='lat' dir='ltr'>llice</span> <span class='ocrx_word' id='word_1_494' title='bbox 1207 2538 1362 2577; x_wconf 80' lang='lat' dir='ltr'>bur-isque.</span> <span class='ocrx_word' id='word_1_495' title='bbox 1396 2537 1455 2571; x_wconf 84' lang='lat' dir='ltr'>P3.</span> <span class='ocrx_word' id='word_1_496' title='bbox 1468 2552 1514 2566; x_wconf 94' lang='lat'>=</span> <span class='ocrx_word' id='word_1_497' title='bbox 1524 2541 1586 2571; x_wconf 86' lang='lat' dir='ltr'>He·</span> 
     </span>
     <span class='ocr_line' id='line_1_70' title="bbox 881 2580 1587 2622; baseline 0.007 -11"><span class='ocrx_word' id='word_1_498' title='bbox 881 2580 938 2612; x_wconf 91' lang='lat' dir='ltr'>lice</span> <span class='ocrx_word' id='word_1_499' title='bbox 971 2581 1021 2612; x_wconf 83' lang='grc' dir='ltr'>Βιι</span> <span class='ocrx_word' id='word_1_500' title='bbox 1031 2582 1146 2622; x_wconf 76' lang='lat' dir='ltr'>lisque.</span> <span class='ocrx_word' id='word_1_501' title='bbox 1204 2582 1268 2616; x_wconf 62' lang='lat'>(51.</span> <span class='ocrx_word' id='word_1_502' title='bbox 1293 2596 1337 2609; x_wconf 96' lang='lat'><strong><em>=</em></strong></span> <span class='ocrx_word' id='word_1_503' title='bbox 1359 2592 1441 2615; x_wconf 84' lang='lat' dir='ltr'>mers</span> <span class='ocrx_word' id='word_1_504' title='bbox 1451 2593 1472 2615; x_wconf 84' lang='lat' dir='ltr'>a</span> <span class='ocrx_word' id='word_1_505' title='bbox 1504 2587 1587 2616; x_wconf 78' lang='lat' dir='ltr'>sunl.</span> 
     </span>
     <span class='ocr_line' id='line_1_71' title="bbox 883 2623 1587 2671; baseline 0.009 -15"><span class='ocrx_word' id='word_1_506' title='bbox 883 2623 987 2657; x_wconf 60' lang='lat' dir='ltr'>Libd‘</span> <span class='ocrx_word' id='word_1_507' title='bbox 1001 2636 1114 2658; x_wconf 86' lang='lat' dir='ltr'>omnes</span> <span class='ocrx_word' id='word_1_508' title='bbox 1137 2625 1264 2658; x_wconf 89' lang='lat' dir='ltr'>habent</span> <span class='ocrx_word' id='word_1_509' title='bbox 1286 2637 1302 2659; x_wconf 90' lang='lat' dir='ltr'>s</span> <span class='ocrx_word' id='word_1_510' title='bbox 1311 2637 1332 2659; x_wconf 89' lang='grc' dir='ltr'>ιι</span> <span class='ocrx_word' id='word_1_511' title='bbox 1341 2631 1393 2660; x_wconf 84' lang='lat' dir='ltr'>nl.</span> <span class='ocrx_word' id='word_1_512' title='bbox 1419 2628 1449 2661; x_wconf 83' lang='lat' dir='ltr'>G</span> <span class='ocrx_word' id='word_1_513' title='bbox 1461 2643 1507 2657; x_wconf 84' lang='lat'>=</span> <span class='ocrx_word' id='word_1_514' title='bbox 1516 2630 1587 2671; x_wconf 78' lang='lat' dir='ltr'>quis</span> 
     </span>
     <span class='ocr_line' id='line_1_72' title="bbox 884 2671 1096 2704; baseline 0.009 -2"><span class='ocrx_word' id='word_1_515' title='bbox 884 2671 970 2702; x_wconf 84' lang='lat' dir='ltr'>illos</span> <span class='ocrx_word' id='word_1_516' title='bbox 993 2682 1096 2704; x_wconf 83' lang='lat' dir='ltr'>casus.</span> 
     </span>
    </p>

    <p class='ocr_par' dir='ltr' id='par_1_17' title="bbox 885 2718 1588 2890">
     <span class='ocr_line' id='line_1_73' title="bbox 929 2718 1586 2753; baseline 0.009 -6"><span class='ocrx_word' id='word_1_517' title='bbox 929 2718 978 2748; x_wconf 87' lang='lat' dir='ltr'>vel</span> <span class='ocrx_word' id='word_1_518' title='bbox 1001 2718 1035 2748; x_wconf 84' lang='lat' dir='ltr'>in</span> <span class='ocrx_word' id='word_1_519' title='bbox 1057 2719 1131 2750; x_wconf 88' lang='lat' dir='ltr'>illas</span> <span class='ocrx_word' id='word_1_520' title='bbox 1153 2727 1240 2750; x_wconf 85' lang='lat' dir='ltr'>mare</span> <span class='ocrx_word' id='word_1_521' title='bbox 1264 2720 1444 2752; x_wconf 85' lang='lat' dir='ltr'>inmersit</span> <span class='ocrx_word' id='word_1_522' title='bbox 1463 2734 1510 2748; x_wconf 91' lang='lat'>=</span> <span class='ocrx_word' id='word_1_523' title='bbox 1532 2720 1586 2753; x_wconf 89' lang='lat' dir='ltr'>BE</span> 
     </span>
     <span class='ocr_line' id='line_1_74' title="bbox 888 2760 1586 2798; baseline 0.009 -6"><span class='ocrx_word' id='word_1_524' title='bbox 888 2760 988 2793; x_wconf 85' lang='lat' dir='ltr'>GGr.</span> <span class='ocrx_word' id='word_1_525' title='bbox 1000 2762 1074 2797; x_wconf 61' lang='lat' dir='ltr'>Q..</span> <span class='ocrx_word' id='word_1_526' title='bbox 1079 2764 1149 2798; x_wconf 65' lang='grc'><strong>..(5</strong></span> <span class='ocrx_word' id='word_1_527' title='bbox 1197 2763 1274 2796; x_wconf 85' lang='lat' dir='ltr'>Hoc</span> <span class='ocrx_word' id='word_1_528' title='bbox 1287 2763 1382 2796; x_wconf 82' lang='lat' dir='ltr'>Grut.</span> <span class='ocrx_word' id='word_1_529' title='bbox 1403 2770 1512 2798; x_wconf 88' lang='lat' dir='ltr'>ortum</span> <span class='ocrx_word' id='word_1_530' title='bbox 1535 2776 1586 2798; x_wconf 85' lang='lat' dir='ltr'>es-</span> 
     </span>
     <span class='ocr_line' id='line_1_75' title="bbox 885 2805 1586 2853; baseline 0.01 -16"><span class='ocrx_word' id='word_1_531' title='bbox 885 2805 925 2837; x_wconf 63' lang='lat' dir='ltr'>se</span> <span class='ocrx_word' id='word_1_532' title='bbox 936 2811 1033 2849; x_wconf 83' lang='lat' dir='ltr'>putat</span> <span class='ocrx_word' id='word_1_533' title='bbox 1047 2819 1088 2840; x_wconf 79' lang='lat' dir='ltr'>ex</span> <span class='ocrx_word' id='word_1_534' title='bbox 1103 2806 1239 2852; x_wconf 83' lang='lat' dir='ltr'>antiqua</span> <span class='ocrx_word' id='word_1_535' title='bbox 1256 2807 1419 2853; x_wconf 78' lang='lat' dir='ltr'>scriptura</span> <span class='ocrx_word' id='word_1_536' title='bbox 1438 2812 1516 2844; x_wconf 84' lang='lat' dir='ltr'>imm</span> <span class='ocrx_word' id='word_1_537' title='bbox 1526 2813 1586 2844; x_wconf 82' lang='lat' dir='ltr'>ei-</span> 
     </span>
     <span class='ocr_line' id='line_1_76' title="bbox 886 2850 1588 2890; baseline 0.009 -7"><span class='ocrx_word' id='word_1_538' title='bbox 886 2852 935 2883; x_wconf 79' lang='lat' dir='ltr'>sil.</span> <span class='ocrx_word' id='word_1_539' title='bbox 982 2850 1072 2885; x_wconf 89' lang='lat' dir='ltr'>I&#39;inc.</span> <span class='ocrx_word' id='word_1_540' title='bbox 1096 2865 1127 2885; x_wconf 91' lang='lat' dir='ltr'>v.</span> <span class='ocrx_word' id='word_1_541' title='bbox 1152 2853 1240 2886; x_wconf 83' lang='lat'>1.=</span> <span class='ocrx_word' id='word_1_542' title='bbox 1260 2855 1309 2887; x_wconf 91' lang='lat' dir='ltr'>vel</span> <span class='ocrx_word' id='word_1_543' title='bbox 1340 2855 1374 2888; x_wconf 86' lang='lat' dir='ltr'>in</span> <span class='ocrx_word' id='word_1_544' title='bbox 1406 2857 1480 2889; x_wconf 84' lang='lat' dir='ltr'>illas</span> <span class='ocrx_word' id='word_1_545' title='bbox 1500 2865 1588 2890; x_wconf 86' lang='lat' dir='ltr'>mare</span> 
     </span>
    </p>
   </div>
  </div>
 </body>
</html>
