1812 3184
0 3141 29 3184 13⁷⁷,
0 2702 22 3131 '’mu-»wwmw

527 170 594 211 DE
626 169 1030 211 CONSOLATIONE.
1090 169 1156 210 xl.
1516 169 1571 214 97

116 284 254 329 natu
270 288 454 327 ”tuens
475 295 549 325 sua
571 296 737 339 quorum
760 281 878 325 modo
900 282 1035 340 eopia,
1066 280 1188 324 modo
1205 279 1337 337 iuopia
1359 281 1567 337 rumpitur,

113 350 551 406 anniuesollieitaeque
579 351 751 404 tutelae,
787 349 956 407 precarii
983 349 1146 406 spiritus
1175 354 1216 391 et
1237 347 1339 390 male
1367 347 1568 393 haerentis

113 431 215 475 μ,
254 422 402 476 purum'
415 418 663 475 repentinum
693 432 782 460 cum
805 417 914 459 audit
934 422 976 458 et
997 412 1301 472 exinprouiso,
1342 429 1466 458 sonus
1496 431 1565 460 au-

114 485 224 530 nibus
249 486 385 543 grauis
408 486 585 539 excutit,
627 485 883 541 solisemper
909 483 985 525 sibi
1007 483 1288 525 nutrimentum
1315 483 1500 526 uitiosum
1524 492 1565 528 et

114 553 268 597 inutile.
326 552 526 596 Miramur
545 553 587 595 iu
610 552 684 594 hoo
705 558 874 594 mortem
896 564 997 607 quae
1026 550 1142 593 unius
1164 550 1332 606 singulis
1355 565 1454 608 opus
1474 553 1564 596 est?
1581 566 1598 591 3

113 620 317 678 Numquid
344 621 476 674 enim,
494 627 555 662 ¹ut
577 619 782 671 concidat,
824 618 955 676 magui
982 633 1050 661 res
1078 618 1295 661 molimenti
1318 620 1408 661 est?
1450 617 1564 663 Odor

114 689 388 749 illiatporque
407 693 450 730 et
467 686 659 730 lassitudo
681 693 723 729 et
739 686 874 742 uigilia
892 693 933 729 et
952 686 1093 729 humor
1114 693 1154 728 et
1176 686 1288 729 cibus
1309 694 1349 729 et
1367 687 1455 731 sine
1475 689 1561 745 qui-

92 755 189 799 bus
213 755 355 799 ninere
383 768 466 797 nou
494 761 626 811 potest
653 755 859 798 mortifera
889 761 997 797 suut.

1071 753 1332 811 Quocumque
1360 769 1406 798 se
1436 757 1563 799 mouit

109 822 241 877 satim
274 822 513 877 infirmitatis
548 836 645 866 suae
681 823 910 876 conscium,
956 837 1036 865 nou
1069 837 1186 865 omne
1223 823 1378 866 coelum
1408 824 1559 877 fere-ns,

111 914 174 947 situ
194 916 224 949 et
251 911 313 947 atio
332 915 450 946 iturum
479 915 523 947 in
544 914 683 946 ocium
703 915 743 946 in
762 916 812 946 ta-

110 959 316 999 bem-3D-ff-
333 960 396 1001 situ
424 961 454 992 et
481 961 543 992 otio
561 960 681 991 iturum
703 960 746 992 in
767 969 812 991 o·

110 1006 219 1037 tium
239 1008 277 1038 et
296 1006 331 1038 iu
351 1005 466 1037 tabem.
510 1001 613 1036 1³24.
635 1019 682 1032 =
698 1006 762 1037 situ
784 1007 813 1037 et

111 1050 174 1082 ouo
194 1051 316 1083 itta-um
335 1051 379 1082 in
400 1050 534 1082 otium
553 1050 588 1081 in
610 1051 700 1082 tabe.
733 1049 810 1081 Lat.

113 1093 228 1128 Latin.
249 1095 306 1136 (B'.
329 1094 383 1135 Pr.
404 1104 438 1138 p.
458 1090 532 1134 47.)
552 1108 600 1123 ==
617 1097 680 1126 situ
699 1097 727 1129 et
750 1096 812 1127 otto

111 1140 363 1174 interiturum
387 1140 538 1172 alimenta
569 1141 706 1172 intuens
738 1149 810 1171 sua.

111 1185 179 1217 ml)
198 1183 334 1228 quidam
352 1182 452 1219 codd.
471 1183 564 1217 Piuc.
590 1188 626 1224 -1-
651 1188 689 1217 et
711 1193 814 1217 sem·

111 1239 184 1271 per
203 1231 366 1262 alimenta.

156 1274 251 1307 mdo
268 1275 373 1315 eopia,
395 1274 488 1306 modo
508 1275 618 1315 inopia
641 1276 812 1315 rumpitur.

114 1317 208 1353 Haec
227 1317 330 1352 verba
354 1317 384 1351 si
403 1317 538 1362 scripsit
560 1320 710 1358 Seneca,
745 1318 812 1351 hoc

113 1363 232 1398 ordine
261 1362 395 1397 videtur
416 1363 599 1407 scripsisse.
645 1366 811 1397 A=mo-

112 1411 207 1443 dum
234 1411 278 1442 tn
298 1410 607 1450 impiarumpitur,
642 1415 679 1442 ut
702 1420 810 1454 appa-

111 1461 184 1488 reat
194 1453 312 1487 vitium
325 1453 432 1487 latere
449 1453 486 1486 iu
506 1453 641 1498 syllabis
661 1465 726 1488 um
748 1457 810 1487 in.-

112 1498 254 1540 acoefflt,
268 1498 361 1543 quod
381 1511 423 1532 ex
442 1498 602 1532 similibus
624 1499 715 1543 prius
736 1511 809 1532 sae-

111 1544 185 1590 pius
207 1543 374 1578 omittitur
395 1555 495 1589 quum
514 1545 666 1578 alterum.
693 1546 810 1578 BG=

110 1591 186 1628 mod
194 1599 256 1625 um
276 1591 386 1632 impia
406 1592 574 1631 rumpitur.
619 1591 673 1634 Vg
688 1591 747 1623 1³4.
762 1606 809 1620 =

110 1635 240 1668 modus
269 1637 379 1676 inopia
399 1637 567 1677 rumpitur.
612 1635 643 1667 D
664 1651 711 1664 =
733 1647 811 1678 quo-

109 1689 183 1714 rum
201 1681 311 1722 inopia
329 1681 459 1712 uwdus
481 1682 648 1720 rumpitur.
680 1680 751 1714 Col.
763 1696 809 1710 =

110 1726 233 1758 modis
265 1728 303 1758 et
331 1726 441 1768 iuopia
467 1727 635 1766 rumpitur.
680 1725 740 1758 P2.
763 1741 810 1756 =

111 1771 241 1805 modus
267 1771 377 1811 inopia
410 1771 539 1811 rupit.
583 1768 710 1804 P3..=
733 1781 810 1816 quo-

111 1825 185 1851 rum
202 1816 306 1851 modu
317 1824 333 1847 s
354 1817 487 1849 etiam
507 1817 617 1856 inopia
642 1818 809 1857 rumpitur.

112 1861 219 1900 πμ.
237 1860 277 1896 Θ
294 1873 342 1888 =
364 1861 511 1892 modum
534 1862 642 1900 iuopia
663 1864 809 1903 rumpit.

110 1903 202 1939 Pina.
226 1903 371 1938 ci.=et
392 1914 556 1946 semper
576 1907 725 1939 alimenta
744 1917 809 1939 me-

110 1953 199 1984 tuens
221 1947 303 1992 sua,
335 1959 468 1992 quorum
487 1951 582 1982 modo
603 1953 712 1992 inopia
744 1954 809 1985 la-

111 1997 130 2028 b
140 1998 248 2036 orat,
269 1997 363 2029 modo
382 1997 474 2036 copia
491 1997 657 2036 rumpitur.
691 1997 736 2032 «Ὧῖ
747 2020 759 2032 .
772 2020 782 2032 .
797 2020 809 2032 .

111 2041 166 2077 sso
179 2050 371 2082 =quorum
391 2042 486 2074 modo
503 2041 624 2081 inopia,
643 2043 737 2074 modo
757 2053 809 2075 co-

110 2087 169 2127 pia
189 2088 357 2128 rumpitur.
403 2085 432 2117 D
446 2087 559 2127 (mm)
572 2101 617 2114 =
632 2089 809 2120 solitae-

132 2139 170 2163 ue
194 2132 318 2164 tutelae.
363 2132 393 2163 A
412 2144 459 2158 ==
477 2140 648 2173 praecare
671 2134 809 2172 spiritus.

192 2198 201 2208 ·
226 2174 325 2210 codd.
347 2174 441 2220 Lips.
465 2177 497 2211 z
509 2199 520 2214 .
531 2199 541 2211 .
556 2199 568 2211 .
580 2177 613 2212 Θ
623 2192 669 2206 --
679 2181 706 2210 et
727 2179 810 2210 male

111 2221 325 2258 inhaerentis.

157 2274 259 2307 qua,
292 2275 446 2307 parum
470 2268 685 2307 repentinum
717 2277 809 2301 cum

111 2312 235 2344 audit
258 2314 297 2344 et
318 2321 358 2344 ea·
378 2313 559 2352 inproviso,
595 2322 690 2345 sonus
720 2315 809 2345 auri-

111 2358 170 2389 bus
194 2358 306 2398 mavis
331 2359 456 2390 excutit.
502 2358 554 2389 Ita
584 2357 808 2390 restituendus

111 2399 246 2435 videtur
275 2400 369 2434 locus
403 2401 668 2446 corruptissimus
680 2429 688 2443 ,
729 2403 809 2435 dum

112 2444 194 2479 alius
213 2445 353 2479 meliora
374 2445 551 2479 invenerit.
598 2448 655 2480 BA
676 2450 708 2484 ΣΞ
730 2471 741 2483 .
764 2472 774 2483 .
797 2472 808 2484 .

112 2489 172 2526 24.
185 2505 231 2519 ==
243 2501 308 2532 qua
325 2501 444 2532 parum
469 2494 664 2533 repentinum
684 2495 810 2526 audiet

114 2538 143 2568 et
160 2536 332 2576 impr-wiso
354 2546 448 2569 sonus
467 2539 599 2570 auribus
617 2541 726 2579 9ravis
755 2549 809 2571 εω-

113 2581 199 2612 cutit.
242 2578 338 2612 (31³3.
355 2595 400 2608 =
413 2591 432 2621 q
442 2591 464 2612 u
474 2591 496 2612 a
507 2591 522 2613 e
542 2591 659 2621 parum
679 2586 813 2623 repenti-

113 2634 191 2658 num
222 2625 348 2656 audiet
370 2628 399 2657 et
419 2627 590 2665 improviso
611 2636 705 2659 sonus
723 2629 812 2659 auri-

113 2671 171 2702 bus
192 2670 302 2711 gravis
328 2671 455 2702 excutit.
499 2670 531 2702 V
549 2685 595 2697 =
615 2680 731 2711 quem
751 2681 813 2711 pa-

111 2724 185 2747 rum
206 2715 400 2755 repentinum
427 2716 560 2747 audiet
584 2719 611 2747 et
634 2725 673 2747 eae
695 2717 813 2756 impro-

111 2761 180 2792 viso
199 2761 330 2792 auribus
359 2769 453 2792 sonus
481 2763 590 2801 gravis
611 2763 736 2793 excutit.
781 2761 812 2793 D

113 2803 171 2839 P2.
182 2801 218 2838 4.
230 2819 276 2833 =
286 2814 329 2848 qu
339 2814 401 2837 am
415 2814 534 2847 parum
542 2807 739 2849 repentinum
754 2816 813 2840 au·

179 2858 318 2888 Senecae
337 2867 384 2895 op.
404 2857 451 2888 ed.
470 2858 595 2890 Flckcrt
613 2859 666 2889 111.

856 914 892 947 di
905 923 921 946 e
937 917 950 947 t
995 922 1035 946 ex
1071 915 1249 959 'improviso
1289 923 1386 947 sonus
1429 916 1561 948 auribus

854 961 964 1001 gravis
980 961 1105 992 excutit.
1137 970 1160 1001 g
1170 974 1216 988 =
1227 969 1246 1000 q
1258 969 1280 991 u
1290 968 1305 992 e
1315 969 1347 991 m
1366 969 1484 1000 parum
1506 970 1556 993 re-

851 1006 1016 1046 pentinum
1038 1005 1162 1037 audiet
1184 1008 1212 1037 et
1231 1006 1401 1044 improviso
1423 1007 1556 1038 auribus

854 1059 950 1083 sonus
969 1051 1079 1091 yravis
1097 1051 1223 1082 excutit.
1262 1048 1334 1082 Col.
1346 1064 1393 1078 =
1404 1060 1423 1090 q
1433 1052 1476 1082 ui
1491 1059 1556 1091 pa·

854 1104 927 1128 rum
948 1097 1142 1135 repentinum
1174 1095 1303 1128 audiet
1324 1104 1364 1127 ex
1382 1097 1555 1136 improviso

855 1149 949 1173 sonus
966 1141 1097 1172 auribus
1115 1141 1242 1175 excutit.
1289 1138 1370 1172 Cod.
1392 1139 1485 1183 Lips,
1504 1154 1552 1169 =

856 1194 876 1226 q
889 1194 985 1217 uam
1015 1194 1133 1225 parum
1161 1185 1358 1225 repentinum
1390 1187 1556 1219 auditum

857 1239 897 1262 ex
918 1232 1011 1270 impr.
1057 1229 1150 1272 Lips.
1174 1229 1214 1262 ci.
1226 1240 1301 1270 =11
1312 1240 1400 1263 uem
1420 1240 1501 1271 pav
1512 1240 1556 1264 or

856 1276 1053 1315 repentinus
1084 1278 1158 1306 aut
1191 1276 1290 1307 item
1314 1284 1354 1308 ex
1383 1277 1556 1316 improviso

855 1329 960 1352 sonus.
986 1319 1090 1351 Gron.
1105 1318 1145 1351 οἱ.
1156 1320 1228 1354 (sjto
1239 1341 1250 1354 .
1266 1342 1275 1354 .
1287 1341 1299 1354 .
1313 1321 1367 1354 Qu
1383 1331 1456 1361 =q
1467 1331 1553 1354 uem

853 1374 991 1405 pavor
1012 1366 1206 1404 repentinus
1229 1365 1490 1398 adiectusve
1513 1375 1554 1399 ex

854 1410 1023 1450 improviso
1055 1419 1150 1442 sonus
1170 1411 1302 1442 auribus
1321 1412 1432 1450 ,qravts
1459 1420 1555 1446 excu-

854 1456 900 1487 tit.
927 1465 1011 1498 quae
1031 1453 1086 1486 vix
1107 1460 1247 1497 possunt
1267 1453 1373 1487 latere
1394 1454 1430 1488 in
1453 1455 1552 1488 codi-

855 1511 930 1532 cum
955 1498 1138 1543 scripturis;
1185 1500 1236 1531 De
1256 1510 1375 1540 parum
1398 1499 1554 1535 Particu-

853 1544 906 1578 lae
929 1544 962 1577 vi
981 1544 1088 1577 miuus
1112 1544 1233 1578 usitata
1255 1544 1298 1577 cf.
1321 1546 1383 1589 Ep.
1407 1543 1492 1585 116,
1514 1542 1547 1580 6.

854 1592 1047 1630 dolebimus,
1078 1592 1132 1623 sed
1158 1600 1236 1631 par
1246 1600 1318 1623 um.
1354 1594 1552 1633 concupisce-

854 1645 948 1676 mus,
980 1637 1036 1667 sed
1054 1639 1232 1676 temperate.
1280 1634 1312 1667 G
1332 1651 1377 1667 =
1400 1639 1486 1670 sibi
1508 1647 1526 1670 ο
1539 1655 1553 1662 -

854 1682 931 1712 lim
964 1682 1024 1712 sibi
1045 1690 1176 1721 semper.
1220 1691 1243 1723 g
1269 1683 1305 1719 ÷
1330 1683 1555 1718 nutrimentum

853 1735 1080 1766 quaerens.
1126 1725 1310 1758 BGA=et
1328 1728 1449 1761 inutili.

899 1769 932 1803 3.
956 1771 988 1802 V
1001 1775 1035 1808 -f-
1052 1770 1210 1812 Miramur
1231 1774 1280 1803 et.

899 1819 1029 1850 mortem
1063 1825 1081 1859 q
1095 1825 1173 1847 uae
1203 1818 1297 1848 unius
1319 1818 1452 1858 sinyutis
1475 1827 1555 1858 opus

853 1864 953 1893 est=
965 1861 1048 1904 VAg
1069 1861 1116 1901 (A
1128 1875 1172 1890 =
1187 1862 1387 1903 sinyulius).
1455 1863 1481 1897 B
1505 1878 1552 1892 =

852 1909 967 1938 morte
1003 1916 1021 1946 q
1032 1903 1081 1937 ιιέ
1104 1907 1198 1938 unius
1227 1908 1360 1947 singulis
1391 1917 1470 1947 opus
1494 1911 1551 1942 est.

856 1951 944 1982 G=
964 1954 1094 1983 mortem
1123 1961 1141 1991 q
1153 1961 1173 1982 u
1185 1960 1249 1983 am
1269 1953 1364 1984 unius
1394 1953 1527 1995 sin9uza
1539 1971 1553 1978 -

853 1998 917 2029 ris
952 1997 1013 2037 [cr.
1045 1997 1191 2037 sinyulisj
1227 2006 1305 2038 opus
1336 2000 1391 2031 est.
1449 1998 1480 2030 D
1504 2013 1551 2032 .-,--.

853 2044 983 2074 ῃιονιεηι
1005 2051 1086 2083 quae
1106 2043 1240 2081 singulis
1260 2051 1339 2082 opus
1360 2045 1403 2074 est
1424 2053 1489 2076 om.
1515 2055 1551 2077 u-

851 2088 933 2120 nius.
959 2088 990 2120 Z
1001 2110 1011 2121 .
1027 2110 1037 2121 .
1049 2109 1059 2120 .
1073 2085 1191 2121 &l.=
1208 2090 1338 2121 mortem
1357 2089 1452 2120 unius
1472 2099 1553 2130 quae

858 2133 990 2172 singulis
1008 2141 1086 2172 opus
1102 2134 1155 2165 est.
1204 2131 1267 2166 (52.
1279 2154 1290 2166 0
1302 2154 1312 2167 .
1326 2154 1337 2166 .
1350 2133 1404 2167 §30
1415 2148 1459 2161 =
1470 2144 1539 2175 mor

854 2180 915 2209 tem
941 2178 1034 2209 unius
1062 2186 1143 2217 qua
1166 2178 1298 2218 sinyults
1320 2187 1399 2219 opus
1421 2182 1474 2211 est.
1520 2180 1552 2213 V

860 2225 944 2260 ÷ut
967 2223 1111 2255 concidat
1134 2223 1225 2255 iste.
1272 2220 1332 2255 P2.
1357 2226 1393 2262 —{-
1412 2226 1495 2257 iste
1518 2228 1552 2258 ut

853 2268 1006 2304 concidat.

896 2314 1007 2353 magni
1037 2321 1087 2347 res
1109 2326 1154 2341 =
1175 2314 1236 2355 Ag.
1311 2312 1434 2346 BGVD
1447 2315 1478 2349 ΞΖ
1491 2337 1502 2350 .
1515 2338 1525 2351 .
1542 2339 1552 2350 .

854 2358 1024 2393 Qo=res
1044 2359 1164 2398 magni.
1209 2356 1269 2391 1³3.
1287 2371 1334 2385 =
1355 2360 1554 2392 molumentt

854 2406 908 2435 est.
956 2403 984 2435 V
997 2400 1054 2435 P2.
1069 2404 1182 2444 (mm)
1197 2403 1262 2438 32913
1276 2418 1322 2430 =
1332 2413 1347 2435 e
1357 2405 1418 2435 mol
1429 2414 1450 2436 u
1459 2406 1555 2437 menti

853 2451 906 2480 est.
932 2447 995 2483 62.
1011 2471 1020 2481 .
1035 2470 1046 2482 .
1061 2470 1071 2480 .
1084 2449 1116 2482 Θ
1128 2463 1174 2476 =
1185 2458 1235 2480 mo
1245 2450 1364 2480 menti
1387 2451 1441 2480 est.
1466 2448 1552 2482 Rell.

854 2492 955 2525 etiam
971 2492 1041 2524 Col.
1058 2489 1116 2525 P-l.
1133 2506 1185 2525 ω.

853 2548 922 2580 que.

899 2593 931 2616 se
964 2593 1015 2615 mo
1026 2584 1087 2615 vit
1120 2585 1227 2615 statim
1254 2583 1450 2624 infirmitatis
1479 2593 1555 2618 suae

855 2643 900 2655 =
914 2627 1064 2660 BGVAD
1078 2627 1127 2669 (G
1139 2639 1218 2672 p.m.
1237 2642 1284 2656 =
1303 2632 1394 2661 statu
1404 2629 1464 2670 m).
1533 2641 1555 2674 g

856 2687 903 2700 =
922 2676 958 2705 te
981 2675 1076 2704 movit
1094 2686 1143 2704 m.
1191 2675 1467 2708 zi...-§Bo=se
1487 2684 1555 2708 mo-

856 2720 923 2749 vet
944 2718 1138 2758 infirmitatis
1158 2727 1234 2750 suae
1254 2721 1368 2751 statim.
1390 2730 1470 2762 g=
1482 2730 1555 2752 con-

857 2764 968 2794 scius.
1018 2762 1048 2795 G
1069 2777 1115 2791 ==
1136 2764 1295 2797 conscium
1317 2766 1362 2806 ut
1383 2773 1473 2798 esse
1497 2768 1554 2798 te-

859 2809 869 2840 1
881 2817 901 2840 u
913 2808 956 2841 m·
1375 2819 1378 2821 ’

1230 2494 1262 2527 V
1272 2508 1318 2522 =
1328 2502 1424 2534 sapor
1445 2497 1474 2527 et
1487 2505 1552 2528 om.
