1812 3184
255 197 340 239 698
715 195 756 236 ι.
789 196 985 237 ΑΝΝΑΕΙ
1015 193 1243 249 SENECAE

253 308 480 364 superficies
499 307 615 362 ignea
638 313 712 359 est,
735 306 788 348 ita
808 315 1010 363 conpacta,
1031 315 1073 350 ut
1093 309 1195 351 solui
1219 309 1423 366 uitiarique
1437 325 1516 353 non
1538 311 1685 368 possita

219 392 236 416 3
254 376 369 417 babet
392 382 520 416 tamen
542 375 777 430 spiramenta
802 376 986 429 quaedam
1012 383 1052 417 et
1072 376 1183 431 quasi
1208 377 1400 419 fenestras
1425 392 1610 437 perflans
1635 393 1689 422 ex

252 450 366 499 parte
386 443 587 485 exteriore
612 442 742 483 mundi
765 441 928 484 influant
947 443 1085 498 ignes,
1127 458 1207 486 non
1230 451 1306 485 tam
1329 446 1456 499 magni
1471 477 1482 497 ‚
1523 453 1567 488 ut
1588 447 1689 490 inte-

251 510 357 552 riora
377 510 623 551 conturbent.
683 524 820 551 rursus
841 523 895 551 ex
915 511 1056 552 mundo
1074 511 1114 552 in
1133 511 1333 553 exteriora
1351 511 1548 555 labuntur.
1610 511 1688 558 {1⁸4

253 592 327 633 que
359 578 454 619 haee
488 591 586 631 quae
619 584 776 632 praeter
799 577 1119 619 consuetudinem
1149 578 1337 633 adparent
1366 579 1606 623 influxerunt
1634 593 1689 634 ⁶3

251 646 317 688 illa
343 646 444 686 ultra
476 645 656 686 mundum
686 644 840 686 iacente
863 645 1042 687 materia.
1103 644 1270 687 Soluere
1292 646 1366 689 ista
1388 647 1476 701 quid
1500 647 1612 690 aliud·
1628 653 1690 690 est

251 727 362 768 quam
382 727 536 753 manum
559 725 750 753 exercere
773 719 812 753 et
829 712 874 755 in
890 719 1048 754 uentum
1067 712 1211 754 iactare
1232 713 1416 755 brachia?
1457 712 1577 757 XIV.
1608 712 1689 767 Ue-,

250 781 315 821 lim
339 787 467 821 tamen
489 779 581 820 mihi
602 779 703 820 dicat
724 779 799 820 iste
820 779 885 834 qui
904 780 1047 820 mundo
1069 787 1145 820 tam
1166 780 1276 821 firma
1297 780 1497 822 lacunaria
1516 781 1690 837 inposuit

250 848 339 903 quid
368 847 421 888 sit
449 860 569 901 quare
600 847 803 887 credamus
831 847 887 887 illi
925 853 1066 887 tantam
1105 860 1195 895 esse
1235 847 1531 890 crassitudinem
1552 848 1687 903 coeli.

251 914 356 969 Quid
382 914 453 955 fuit
476 914 577 968 quod
599 913 664 954 illo
690 921 766 954 tam
796 913 919 954 solida
950 927 1116 968 corpora
1145 914 1355 955 adduceret
1387 922 1426 955 et
1448 914 1508 955 ibi
1538 915 1688 957 detine-

249 983 340 1023 ret?
395 980 550 1022 Deinde
573 981 674 1034 quod
698 986 828 1020 tantae
852 980 1119 1021 crassitudinis
1141 986 1203 1021 est
1223 993 1387 1022 necesse
1411 987 1474 1022 est
1496 987 1537 1024 et
1557 980 1689 1036 magni

250 1047 432 1104 ponderis
452 1047 518 1088 sit.
581 1045 787 1100 Quomodo
809 1060 903 1101 ergo
923 1046 961 1087 in
983 1060 1134 1087 summo
1156 1053 1314 1088 manent
1335 1046 1500 1102 grauia?
1527 1061 1705 1103 quomo-»V

216 1130 233 1158 2
252 1117 299 1157 do
323 1116 388 1156 illa
409 1115 533 1156 moles
555 1128 633 1155 non
656 1113 859 1155 descendit
879 1120 918 1154 et
938 1127 982 1155 sc
1003 1125 1124 1155 onere
1145 1127 1217 1155 suo
1243 1114 1412 1169 frangit?
1450 1105 1566 1159 Fieri„
1584 1115 1687 1157 enim

251 1198 329 1225 non
353 1189 497 1238 potest,
529 1189 573 1222 ut
594 1188 700 1222 tanta
726 1181 784 1222 uis
806 1181 989 1236 ponderis
1013 1188 1194 1235 quantam
1215 1181 1281 1223 ille
1305 1181 1504 1223 substituit
1523 1182 1689 1237 pendeat

248 1258 288 1293 et
308 1250 459 1292 leuibus
481 1249 619 1290 innixa
642 1249 708 1290 sit.
767 1247 834 1290 Ne
864 1248 957 1289 illud
987 1248 1140 1303 quidem
1170 1255 1299 1303 potest
1330 1249 1406 1290 dici
1438 1239 1687 1292 extrinsecus

249 1332 338 1360 esse
364 1317 490 1372 aliqua
521 1316 737 1357 retinacula
773 1315 910 1369 quibus
942 1316 1081 1356 cadere
1114 1316 1379 1370 prohibeatur.
1440 1330 1513 1358 nec
1548 1330 1685 1359 rursus

248 1386 296 1427 de
325 1385 452 1426 medio
480 1383 622 1437 aliquid
639 1396 734 1425 *esse
758 1382 922 1437 oppositi
947 1383 1046 1436 quod
1069 1382 1263 1423 inminens
1285 1396 1424 1437 corpus
1445 1383 1618 1438 excipiat
1639 1397 1685 1436 ae

248 1453 395 1494 fulciat.
455 1450 554 1492 Illud
579 1451 801 1490 etiamnunc
826 1463 941 1490 nemo
965 1449 1095 1490 dicere
1117 1449 1273 1490 audebit
1297 1451 1480 1490 mundum
1503 1450 1596 1492 ferri
1619 1463 1688 1506 per

247 1520 466 1561 inmensum
492 1525 531 1558 et
559 1518 699 1558 cadere
729 1516 907 1571 quidem,
949 1516 1016 1556 sed
1039 1529 1117 1556 non
1138 1516 1326 1571 adparere
1347 1530 1396 1557 an
1420 1517 1556 1568 cadat,
1596 1518 1686 1572 quia

248 1585 515 1643 praecipitatio
538 1584 621 1625 eius
649 1590 811 1624 aeterna
835 1589 918 1633 est,
961 1581 1056 1623 nihil
1076 1582 1224 1623 habens
1244 1582 1498 1625 nouissimum
1520 1583 1559 1626 in
1584 1585 1689 1640 quod

214 1666 230 1691 3
249 1654 438 1694 incurrat.
499 1651 586 1692 Hoc
611 1651 761 1705 quidam
787 1651 834 1691 de
857 1656 964 1690 terra
989 1649 1188 1701 dixerunt,
1220 1664 1307 1691 cum
1328 1650 1522 1693 rationem
1543 1652 1684 1693 nullam

248 1720 472 1761 inuenirent
501 1725 660 1775 propter
692 1712 804 1772 quam
838 1717 988 1773 pondus
1019 1716 1059 1757 in
1091 1729 1184 1758 aere
1214 1724 1352 1760 staret.
1412 1716 1582 1772 Fertur,
1626 1720 1685 1760 iu-

849 1828 945 1861 Anic.
990 1830 1070 1860 B=
1084 1832 1169 1863 dicat
1191 1831 1266 1862 milii
1282 1832 1347 1863 iste.
1395 1830 1426 1863 G
1447 1848 1491 1856 —-
1511 1832 1605 1864 dieat.
1653 1831 1683 1863 G

250 1843 266 1865 c
276 1842 290 1865 e
300 1834 451 1873 rvatique.
496 1830 597 1864 Trist.
620 1845 664 1858 =
688 1839 728 1870 ey
739 1832 804 1862 esti.

249 1878 514 1909 ===acervati.
560 1877 654 1911 ⁵)Jt...
667 1875 754 1909 ,ΕΞ
766 1878 944 1915 conyestae

247 1925 410 1955 coacervat
420 1931 441 1953 a
451 1931 466 1953 e
474 1931 542 1961 que.
568 1922 615 1952 De
626 1931 746 1963 genere
758 1920 803 1951 cf.
815 1919 943 1952 Viti-nv.

251 1968 291 2007 11,
316 1965 348 1998 2.
371 1967 524 1998 Lactant.
551 1965 592 1997 de
617 1967 668 1997 Ira
690 1964 752 1997 Dei
774 1965 828 2004 X,
855 1961 908 1995 16.

294 2013 471 2052 superficies
485 2014 578 2051 ignea
594 2014 636 2042 est
645 2025 690 2038 ===
703 2009 920 2050 BEeG(s.m).

251 2057 317 2091 Gffi
330 2079 367 2090 0.
380 2057 413 2090 „a
425 2070 470 2083 =
481 2057 660 2095 superficies
685 2059 729 2087 est
749 2057 852 2094 ignea.

294 2100 328 2133 3.
354 2101 400 2132 Ee
412 2115 455 2127 =
466 2110 504 2131 ex
520 2103 611 2139 parte
633 2101 672 2131 in
681 2103 692 2130 i
701 2109 716 2130 e
725 2101 803 2130 riore
822 2100 942 2130 mundi.

249 2146 276 2176 B
290 2146 431 2184 -i9nes
452 2149 527 2185 post
549 2145 692 2183 influant.
727 2143 942 2182 G(cr.oe)=
984 2163 987 2166 -

246 2190 304 2230 int!
315 2199 335 2220 α
345 2192 386 2220 nt
419 2190 515 2228 iynes.
559 2188 585 2217 B
610 2191 644 2224 -Ξ-
669 2197 688 2226 q
700 2188 740 2218 ui
773 2196 883 2217 rursus
905 2196 943 2217 ex

248 2235 376 2266 mundo.
423 2233 449 2263 B
462 2234 704 2272 —influxernnt
724 2240 763 2262 eac
786 2232 852 2261 illa.

295 2280 335 2309 ul
346 2281 383 2309 ir
392 2287 412 2309 a
435 2278 586 2308 mundum
608 2278 724 2308 iacente
747 2277 880 2307 materia
897 2289 942 2302 =

251 2322 292 2354 ci.
309 2324 433 2365 Opsop.
450 2322 520 2355 (zi-0
534 2343 572 2355 ..0
586 2321 631 2355 St.
699 2321 725 2351 B
739 2321 835 2351 =in
852 2329 944 2352 mun-

250 2369 328 2399 dum
350 2371 527 2406 utraque
544 2367 661 2397 iacente
675 2365 870 2396 memoria.
896 2365 943 2396 Ee

249 2410 310 2444 P3.
323 2411 392 2444 Col.
404 2413 437 2446 ᾖς
453 2425 499 2438 =
518 2421 539 2442 u
550 2414 698 2450 traque
719 2410 872 2440 mundum
894 2411 943 2440 ia-

244 2460 331 2489 cente
353 2458 497 2488 materia.
534 2455 565 2486 G
577 2470 622 2483 =
632 2465 653 2487 u
663 2458 673 2486 t
682 2464 699 2486 r
709 2464 729 2486 a
738 2463 769 2485 m
791 2455 944 2485 mundum

248 2503 374 2533 iacente
385 2511 418 2533 m
449 2503 548 2532 mater
557 2502 568 2531 i
577 2510 597 2531 a
606 2510 638 2531 m
671 2500 708 2542 (s.
721 2509 764 2529 m.
785 2498 943 2539 materia).

250 2542 308 2578 1³4.
331 2561 376 2574 =
397 2549 461 2578 uir
471 2555 491 2577 α
502 2554 521 2585 q
531 2554 577 2577 ue
598 2546 751 2576 mundum
776 2545 877 2575 iacent
886 2553 943 2575 em

248 2593 392 2623 materia.
451 2589 513 2624 (51.
536 2612 548 2624 .
563 2612 596 2624 ..
618 2590 676 2624 24.
699 2602 745 2615 =
765 2590 943 2628 utraque

250 2637 377 2667 mundi
397 2637 515 2667 iacente
535 2635 679 2667 materia.
707 2632 777 2664 Col.
791 2646 836 2659 =
848 2642 943 2673 quam

250 2680 293 2710 in
303 2689 405 2723 anum
429 2688 577 2712 exercere.
625 2679 721 2710 Grut.
739 2676 778 2709 ci.
790 2692 834 2705 =
845 2679 856 2709 i
864 2688 884 2709 n
896 2687 917 2708 a
929 2694 942 2701 -

251 2734 272 2755 n
283 2731 298 2754 e
322 2733 468 2756 exercere.

499 2767 580 2811 Cap.
602 2768 695 2801 XIV.

295 2811 355 2844 Gr.
368 2811 469 2848 Qffl.
480 2826 526 2841 =
538 2815 633 2846 Velim
656 2821 741 2846 cum
757 2812 833 2845 mihi
846 2812 942 2844 dicat.

990 1876 1084 1915 (soe)
1099 1875 1154 1909 1³4.
1171 1874 1241 1907 Col.
1255 1875 1355 1911 ἔδω.
1374 1890 1421 1904 =
1443 1886 1531 1908 cum
1560 1877 1679 1910 mundo

989 1923 1053 1952 tam
1076 1922 1180 1961 firma.
1228 1921 1328 1951 Ee=
1342 1922 1426 1960 Quid
1445 1922 1514 1961 fue
1525 1922 1580 1953 rit
1599 1922 1682 1961 quod

987 1966 1051 1997 illo.
1098 1966 1128 1997 G
1139 1967 1266 2005 (cnm)
1277 1980 1323 1992 =
1336 1966 1495 2005 Quomodo
1513 1967 1547 1998 in
1560 1975 1682 1999 summo

988 2019 1060 2050 ergo
1083 2013 1219 2042 manent.
1265 2011 1402 2052 B(s.m.-)
1417 2008 1477 2043 P3.
1493 2013 1529 2048 -Ι-
1543 2013 1572 2043 et
1593 2020 1625 2043 se
1648 2020 1683 2042 0-

987 2064 1059 2087 nere
1081 2056 1137 2087 suo
1159 2065 1237 2087 non
1259 2056 1388 2095 frangit.

1032 2120 1064 2153 2.
1091 2122 1338 2162 B=quantam
1358 2124 1409 2154 ille
1431 2124 1659 2157 sustinuit.

1032 2188 1061 2218 N
1069 2196 1085 2218 e
1107 2189 1186 2218 illud
1208 2189 1332 2226 quidem
1351 2192 1449 2228 polest
1465 2190 1584 2221 dici=
1595 2189 1652 2220 Ee.

986 2230 1081 2307 2533
1094 2253 1104 2265 .
1117 2252 1129 2265 .
1139 2252 1150 2265 .
1163 2231 1196 2265 ,ἢ
1207 2245 1253 2258 =
1262 2234 1292 2263 N
1301 2241 1316 2264 e
1325 2242 1341 2264 c
1362 2234 1443 2264 illud
1464 2234 1588 2272 quidem
1611 2236 1680 2272 pot—

1033 2351 1095 2374 esse
1118 2343 1225 2382 aliqua
1250 2344 1580 2383 retinacula=BEe.
1649 2343 1680 2376 G

989 2387 1021 2421 Q
1035 2408 1073 2421 Ν.
1087 2387 1119 2421 ST
1129 2402 1174 2414 =
1185 2389 1293 2427 aliqua
1315 2397 1378 2420 esse
1396 2391 1579 2421 retinacula.
1602 2389 1680 2420 B=

987 2433 1097 2471 quibus
1122 2432 1265 2464 eadem
1286 2434 1464 2466 retineatur.
1498 2434 1680 2466 Ee-rur-

988 2486 1040 2508 sus
1071 2482 1147 2507 ante
1180 2477 1218 2508 de
1241 2478 1352 2509 medio.
1409 2479 1457 2510 Ee
1477 2492 1524 2507 =
1544 2480 1679 2519 excipiat

988 2524 1062 2552 aut
1085 2522 1205 2562 fulciat.
1250 2522 1355 2564 Bong.
1377 2521 1567 2556 ci.=1llud
1586 2525 1680 2555 etiam

986 2574 1066 2597 non
1087 2575 1186 2598 nemo.
1229 2567 1402 2599 B=nemo
1424 2569 1549 2600 audebit
1570 2569 1679 2601 dicere.

987 2611 1035 2641 Ee
1054 2627 1100 2635 -—-
1121 2621 1182 2642 non
1205 2616 1284 2643 ante
1305 2613 1470 2653 adparere.
1515 2613 1541 2644 B
1562 2626 1606 2640 =
1626 2613 1680 2645 sed

987 2665 1049 2687 non
1070 2656 1224 2696 adparere
1246 2658 1356 2696 quod
1377 2659 1481 2690 cadat.

1033 2720 1066 2754 3.
1090 2723 1294 2756 B=Haec
1316 2725 1457 2764 quidem
1480 2725 1517 2757 de
1533 2726 1677 2757 terradi-

988 2770 1110 2800 averunt.
1155 2768 1183 2799 E
1193 2782 1239 2796 =
1250 2769 1316 2800 Hoc
1338 2770 1413 2809 quid
1422 2779 1488 2802 em.
1515 2770 1540 2801 B
1551 2784 1598 2798 =
1608 2778 1678 2802 cum

988 2822 1009 2845 n
1018 2822 1036 2845 o
1046 2823 1068 2845 n
1101 2814 1271 2846 invenirent
1301 2815 1389 2854 aliq
1399 2823 1422 2847 u
1430 2823 1450 2847 a
1458 2824 1493 2847 m
1515 2816 1675 2848 rationem.
