1812 3184
247 186 328 230 702

708 186 751 226 L.
783 186 981 228 ANNAEI
1012 188 1241 231 SENECAE

245 305 317 341 tm·
327 330 341 349 ,
377 298 574 350 minora,
612 311 704 339 cum
726 298 932 351 redeant,
968 304 1010 342 et
1039 299 1317 354 obscuriora,
1346 303 1449 358 qaia
1467 302 1683 346 abdimum

244 380 291 409 se
318 365 497 421 [θηρίοις.

244 434 355 475 idem
378 433 593 475 accidere
582 448 622 474 in
651 434 815 475 cometis
844 434 944 489 quod
976 435 1016 476 in
1049 435 1208 477 ceteris·

557 364 718 408 XVIII.
750 365 956 408 Aduersus
987 367 1060 409 hoc
1096 369 1273 424 protinus
1310 369 1567 424 respondetur
1601 383 1682 413 non

1269 433 1458 478 Cometae
1479 436 1583 480 enim
1601 450 1680 494 qno

242 501 406 557 primum
436 501 499 542 die
526 501 778 556 adparuerint
804 502 965 543 maximi
992 509 1097 545 sunt.
1149 503 1256 559 atqui
1285 503 1473 544 deberent
1500 517 1681 548 crescon

242 582 317 624 quo
350 568 507 624 propius
537 569 791 610 accederent=
825 583 928 610 nune
959 577 1089 611 autem
1122 578 1255 612 manet
1285 571 1362 612 illis
1390 570 1514 627 prima
1539 570 1677 624 facies,

242 637 367 677 donee
390 635 575 691 incipiant
597 636 809 691 exstingui.

241 704 432 744 aduersus
455 703 557 743 hunc
581 703 743 745 dicitur:

873 635 1025 678 Deinde
1049 638 1148 692 quod
1174 638 1366 679 aduersus
1389 638 1540 694 priores
1563 638 1679 680 etiam

784 703 817 744 si
837 711 990 755 erraret
1010 712 1183 746 cometes
1207 713 1388 760 essetque
1412 705 1521 747 sidus
1533 734 1551 757 ,r
1576 704 1680 748 intra

243 768 432 824 Signiferi
464 770 651 811 terminos
682 778 908 812 moueretur
935 772 974 812 in
1006 772 1106 826 quod
1137 786 1251 814 omne
1280 772 1387 814 sidus
1417 785 1556 815 cursus
1584 785 1681 816 snos

207 854 224 881 2
242 836 403 891 colligit.

455 835 676 892 Numquam
700 838 860 893 adparet
882 838 994 879 stella
1016 853 1086 894 per
1105 839 1273 880 stellam.
1318 839 1423 880 acies
1444 846 1578 881 nostra
1598 853 1678 882 non

239 910 369 958 potest
391 917 460 959 per
486 905 654 945 medium
686 905 793 946 sidus
820 904 954 956 exire,
999 913 1040 946 ut
1061 919 1130 960 per
1150 906 1241 946 illud
1265 906 1429 947 editiora
1451 906 1676 962 prospiciat.

237 969 318 1011 Per
349 978 528 1011 cometen
560 977 689 1011 autem
724 985 802 1011 non
833 971 947 1012 aliter
974 985 1087 1025 quam
1117 985 1186 1027 per
1213 971 1352 1012 nubem
1379 972 1567 1014 ulteriora
1592 984 1679 1015 oer-

239 1043 405 1077 nuntur:
439 1050 492 1077 ex
515 1051 589 1091 quo
612 1038 774 1092 adparet
794 1038 899 1078 illum
926 1047 1005 1079 non
1029 1052 1118 1079 esse
1141 1037 1275 1089 sidus,
1305 1039 1376 1080 sed
1399 1039 1527 1081 leuem
1548 1040 1677 1095 ignem

239 1117 283 1144 ac
325 1103 632 1144 tumultuarium.

239 1184 455 1226 congruere
477 1170 622 1212 iudicat
641 1171 773 1213 stellas
795 1179 835 1212 et
856 1172 987 1213 radios
1009 1172 1113 1213 inter
1132 1186 1175 1213 se
1199 1172 1458 1215 committere.

240 1238 380 1279 cietate
402 1238 558 1279 luminis
583 1238 779 1279 exsistere
803 1238 1009 1293 imaginem
1033 1240 1169 1280 stellae
1195 1239 1399 1294 longioris.

692 1102 816 1146 XIX.
858 1104 1000 1146 Zenon
1038 1112 1175 1146 noster
1202 1105 1243 1146 in
1271 1105 1336 1147 illa
1366 1106 1560 1149 sententia
1586 1114 1673 1150 esti

1518 1173 1591 1215 hac
1610 1169 1680 1218 so·⁴

1459 1239 1570 1296 Ergo
1590 1241 1675 1296 qui·

239 1305 326 1346 dam
359 1305 486 1346 nullos
520 1319 608 1346 esse
641 1313 813 1347 cometas
847 1306 1093 1358 existimant,
1136 1308 1204 1348 sed
1232 1307 1401 1362 speciem
1428 1307 1580 1349 illorum
1605 1320 1676 1364 pet·

238 1372 577 1427 repercussionem
598 1373 814 1414 uicinorum
838 1373 1007 1413 siderum
1028 1380 1094 1413 aut
1114 1387 1183 1428 per
1203 1373 1514 1415 coniunctionem
1534 1374 1675 1416 cohae-

203 1453 221 1480 2
240 1439 405 1480 rentium
428 1439 552 1479 reddi.

238 1520 331 1546 suos
357 1512 395 1545 et
416 1512 503 1560 post
526 1513 633 1546 certa
654 1506 775 1547 lustra
797 1506 837 1546 in
861 1513 1110 1560 conspectum
1140 1506 1358 1547 mortalium
1388 1507 1516 1548 exire.

615 1438 782 1492 Quidam
812 1439 919 1480 aiunt
946 1453 1035 1480 esse
1058 1432 1235 1493 quidem,
1278 1441 1348 1481 sed
1371 1440 1514 1502 habere
1535 1447 1690 1484 cursus
1727 1433 1734 1437 ’

1578 1505 1676 1570 Qui-

239 1573 326 1613 dam
350 1586 439 1613 esse
459 1571 628 1627 quidem,
661 1574 729 1614 scd
754 1587 832 1614 non
856 1572 993 1627 quibus
1017 1573 1185 1614 siderum
1212 1587 1352 1615 nomen
1374 1573 1554 1629 inponas,
1586 1573 1674 1629 quia

237 1687 334 1716 runt
356 1687 428 1716 sunt
449 1686 590 1716 maiora.-
614 1686 700 1724 quia.
734 1683 935 1719 (sl.=cum

238 1730 505 1769 descenderunt,
529 1731 711 1768 maioraque
733 1732 824 1769 sunt,
849 1731 934 1769 quia.

238 1774 325 1807 {Dian
348 1787 392 1801 =
423 1783 494 1805 cum
526 1775 707 1805 descendere
752 1776 935 1813 maioraque

237 1820 308 1850 sunt
320 1842 330 1858 ‚
353 1820 440 1858 quia.
489 1817 551 1852 QQ.
615 1818 648 1852 Si
660 1836 700 1841 -—
714 1820 800 1859 quia.
850 1820 874 1849 B
888 1832 934 1845 =

238 1871 277 1893 ecc
297 1865 442 1902 propiore
466 1865 530 1894 loco
547 1865 698 1894 visuntur.
733 1864 756 1893 B
771 1863 827 1895 Gr.
843 1864 875 1898 98
888 1877 934 1890 Ξ

238 1908 313 1947 quia
337 1909 517 1939 obducunt
540 1917 571 1939 se
593 1910 726 1948 lonyius.
765 1918 833 1940 non
859 1919 933 1939 car-

238 1950 288 1993 pit
317 1952 411 1983 Grut.
458 1952 516 1983 EG
534 1965 585 1983 ω.

477 2030 555 2072 cap.
580 2031 704 2062 xvm.

282 2084 308 2114 B
330 2098 376 2111 Ξ
398 2086 554 2117 Adversus
575 2087 675 2117 haec
706 2088 858 2125 protinus.
909 2087 931 2116 Β

237 2142 283 2155 Ξ
303 2131 374 2167 qui
394 2131 532 2167 primum
555 2131 760 2168 adparuerint
783 2141 846 2161 om.
872 2131 932 2161 die.

239 2172 270 2203 G
291 2186 335 2200 =
365 2176 625 2212 apparuerunt.
685 2173 789 2212 G(cr.
806 2176 862 2213 ω)
885 2188 931 2200 Ξ

236 2226 254 2258 q
266 2218 410 2249 uomod
421 2227 437 2248 ο
458 2219 588 2257 propius
612 2218 798 2249 accederent.
848 2219 930 2248 Β-
885 2232 930 2246 =

237 2264 265 2294 N
274 2272 322 2294 οη
346 2265 450 2293 manet
466 2264 530 2294 illis
544 2266 742 2293 omnuim.
769 2263 816 2300 G(
820 2264 928 2301 cnam)

237 2306 335 2340 §Ber
349 2308 489 2338 ΞΝοπ
513 2310 616 2338 autem
637 2310 740 2338 manet
763 2308 834 2339 illis.
871 2307 928 2339 1³3.

241 2354 276 2388 -l-
296 2352 385 2383 Nunc
406 2354 509 2382 autem
531 2355 636 2382 manet
658 2354 694 2382 et
714 2352 785 2382 illis.
833 2352 857 2382 Β
870 2350 927 2384 P3.

237 2392 269 2427 4.
293 2410 338 2423 =
358 2399 393 2427 et
427 2397 579 2427 adversus
609 2397 690 2427 hzmc
713 2397 836 2427 dicitur.
880 2396 930 2428 sG

237 2454 282 2467 Ξ
293 2442 337 2472 int
348 2450 388 2472 er
409 2442 559 2481 signiferi.
600 2441 759 2482 G(cr.oe)
772 2454 815 2467 =
827 2450 930 2473 move-

236 2488 378 2517 rentur.

281 2531 322 2562 in
354 2530 461 2569 quod
483 2526 570 2562 omne
592 2531 680 2561 sidus
702 2545 745 2558 =
770 2531 827 2561 Ee.
899 2530 930 2562 G

237 2587 280 2600 =
300 2576 397 2606 inter
418 2576 501 2615 quod
524 2585 611 2606 omne
633 2576 730 2607 sidus.
779 2575 928 2615 G(s.m.)

239 2618 295 2650 Gr.
308 2620 378 2653 98.
384 2619 471 2654 ...582
484 2621 659 2651 =intra
681 2621 763 2659 quod
783 2629 870 2652 omne
886 2621 928 2651 si-

236 2663 304 2695 dus.
352 2664 378 2694 B
396 2663 508 2696 Nicot.
523 2664 806 2699 θίιιᾶῗΞίηινα
830 2673 928 2704 quos

235 2716 322 2739 omne
345 2710 441 2740 sidus.
479 2708 599 2751 probat
621 2708 801 2740 Fromond.

279 2749 311 2783 2.
336 2753 467 2792 adparet
489 2755 578 2785 stella
598 2763 671 2794 per
693 2755 813 2786 stellam
832 2768 877 2782 Ξ
898 2753 925 2785 Ε

237 2796 927 2834 Gas...ffi1.ffiu.a.ssssrit.ffi2=

978 1686 1111 1725 adparet
1128 1687 1215 1717 stella
1239 1695 1313 1726 sup
1325 1695 1366 1719 er
1388 1687 1518 1718 stellam.
1550 1684 1672 1719 rectius

979 1735 1075 1772 putat
1106 1730 1208 1761 Gron.
1258 1731 1303 1762 Ee
1325 1745 1370 1759 =
1389 1732 1476 1763 Acies
1497 1734 1603 1763 nostra
1634 1733 1671 1763 δι’

976 1777 1085 1814 potest.
1132 1775 1178 1806 Ee
1192 1790 1238 1803 Ξ
1256 1779 1290 1807 ut
1310 1776 1366 1816 p'er
1388 1777 1511 1807 illam
1532 1777 1671 1815 superio·

977 1828 1026 1850 ra.
1076 1820 1097 1849 B
1112 1823 1201 1851 =ut
1218 1829 1274 1860 per
1293 1822 1372 1852 illud
1395 1821 1605 1852 ediciora.
1640 1817 1672 1851 G

980 1865 1043 1903 (cr.
1060 1866 1115 1902 ω)
1135 1880 1179 1891 Ξ
1195 1866 1353 1904 prospicio
1364 1867 1416 1896 nt.
1464 1864 1494 1900 G
1505 1877 1551 1892 Ξ
1563 1865 1670 1897 Corn&

979 1911 1064 1940 tem.
1112 1911 1135 1940 B
1147 1919 1263 1941 —non
1281 1915 1357 1941 ante
1370 1910 1461 1941 aliter
1480 1917 1586 1949 qaam.
1623 1909 1670 1940 Ee

976 1971 1021 1976 —
1031 1963 1088 1994 per
1111 1960 1187 1986 ante
1200 1950 1330 1986 'nubem

1228 2042 1308 2086 Cap.
1331 2042 1429 2075 XIX.

1024 2098 1121 2129 G—
1076 2113 1121 2126 =
1142 2109 1236 2140 aenon
1257 2102 1369 2131 noster.
1416 2094 1579 2140 EGQ3=

975 2152 1074 2182 yrae
1096 2145 1224 2174 iudicat.
1271 2144 1295 2174 B
1310 2141 1368 2175 P3.
1381 2140 1414 2174 4.
1436 2157 1481 2170 Ξ
1502 2151 1552 2174 ac
1574 2144 1669 2174 socie-

976 2189 1036 2217 tate
1058 2188 1195 2218 luminis.
1238 2187 1262 2217 B
1276 2188 1374 2229 Bong.
1391 2198 1445 2218 ex
1446 2186 1516 2217 Cui.
1530 2189 1669 2218 =ima-

974 2231 1102 2270 ginale
1125 2232 1230 2261 stellae
1251 2232 1435 2270 longioris.
1457 2231 1548 2262 G—
1504 2245 1549 2258 =
1569 2238 1668 2262 come-

975 2277 1036 2306 tes
1057 2276 1245 2306 existimant.

1019 2330 1073 2361 sed
1094 2331 1202 2369 specie
1212 2339 1244 2361 m
1264 2332 1444 2362 illorum—
1399 2345 1444 2358 =
1459 2327 1565 2362 BEeG
1584 2329 1665 2362 Brit.

975 2373 1080 2408 ffiffi‘z.
1151 2373 1582 2410 a1„„ffi1.fflust-sed
1597 2384 1667 2415 spe-

976 2420 1062 2450 cies
1086 2420 1221 2450 illorum.
1262 2419 1285 2450 Β
1301 2418 1377 2450 Brit.
1390 2418 1459 2454 982.
1474 2423 1508 2457 -1-
1525 2423 1668 2453 terrae

970 2472 1028 2503 per
1040 2465 1309 2503 repercussionem.
1332 2462 1459 2506 plenius
1471 2457 1553 2496 dicit
1565 2463 1667 2496 Gron.

976 2505 1036 2540 1³3.
1049 2522 1093 2535 =
1049 2518 1160 2548 -per
1180 2518 1217 2540 re
1221 2518 1236 2541 c
1245 2519 1267 2540 u
1275 2518 1293 2541 r
1300 2518 1316 2541 s
1325 2509 1336 2540 ἰ
1345 2518 1362 2540 o
1371 2518 1441 2541 nem
1456 2510 1641 2541 vicinorum.

1019 2573 1051 2606 2.
1075 2573 1136 2607 Ρ3.
1150 2574 1221 2608 Col.
1234 2573 1486 2610 §8510—‹12'11113
1500 2579 1579 2618 post
1590 2574 1666 2614 Qui-

973 2621 1061 2651 dam.
1095 2630 1163 2651 non
1197 2618 1376 2651 admodum
1406 2618 1527 2663 requiri
1555 2624 1667 2651 censet

975 2664 1070 2695 Grut.
1116 2665 1141 2695 B
1164 2683 1206 2688 —
1228 2666 1353 2705 quidem
1376 2670 1453 2708 post
1476 2666 1566 2696 aiunt
1591 2672 1664 2696 esse.

974 2709 1053 2739 ΒΞ
1010 2712 1091 2741 et
1104 2712 1175 2749 post
1195 2712 1349 2741 cuncta
1371 2711 1469 2741 lustra
1491 2709 1609 2751 [ΒΞ]
1631 2710 1666 2740 in

971 2763 1081 2794 conspe
1092 2757 1159 2786 ctu
1180 2755 1370 2786 mortalium
1404 2754 1606 2796 B==qaibus
1621 2754 1665 2786 θὶ-

972 2798 1081 2831 derum
1103 2800 1259 2831 nomina
1280 2799 1425 2839 inponas.
