1812 3184
306 215 388 260 5242

272 326 447 370 oratum.
509 317 750 380 Honestius,
792 329 944 384 inquis,

304 395 501 450 pictasque
530 395 680 436 tabutas
708 396 929 438 effuderint.

305 469 380 503 est.

855 220 925 259 AD
957 213 1192 262 SERENUM

987 331 1139 373 hocce
1129 346 1314 388 inpensae
1335 347 1448 389 quam
1471 334 1511 376 in
1533 332 1735 377 Corinthia

991 397 1182 440 Uitiosum
1206 407 1267 441 est
1290 401 1429 455 ubique
1450 403 1552 464 quod
1573 401 1736 444 {ninnium

438 460 541 515 Quid
564 462 683 503 habes
705 477 776 504 cui
797 464 837 518 i«
840 479 978 506 noscas
1003 466 1145 507 homini
1169 467 1334 508 armaria
1358 467 1456 508 citro
1477 475 1594 524 nique
1613 469 1736 510 ebom

304 522 487 584 captanti,
519 543 684 584 eor-pora
705 531 948 585 conquirenti
969 539 1036 573 aut
1059 533 1214 587 50:10101
1216 548 1276 575 um
1300 541 1500 576 anctorum
1519 543 1588 577 ant.
1603 535 1735 592 inpro-

305 595 481 637 baturum
513 602 553 636 ct
581 597 684 637 inici
713 603 770 638 tot
800 598 904 639 milia
935 599 1119 640 libratum
1151 601 1366 663 oscitanti,
1405 601 1473 643 cu'r
1495 601 1735 644 uotuninnm

303 732 392 806 ῐῖἓὸ
391 746 436 759 ===
456 732 533 764 nihii
564 733 597 764 in
620 736 811 772 apparatum
835 735 998 767 honestius

319 778 417 815 nquis.

347 836 379 874 6.
403 844 584 883 Honestius,
607 845 721 884 inquis,
743 846 865 877 hocce
888 848 997 886 inpen-

302 896 374 918 sae
398 897 493 927 quom
517 890 550 919 in
576 890 733 920 Corinthia
764 892 925 931 pictasque
947 894 996 922 ta-

301 933 390 963 bulas
433 933 641 972 effuderint.

301 975 399 1007 duco.
446 977 502 1007 BA
516 971 618 1018 Bong.
638 988 678 1008 ex
692 978 761 1011 cui.
774 994 819 1006 Ξ
832 981 995 1012 Honestius

298 1022 403 1059 inquis
425 1021 480 1051 hoc
500 1023 534 1052 te
556 1023 703 1060 inpensae
723 1033 818 1063 quam
837 1026 870 1055 in
886 1025 994 1056 Corin-

298 1065 365 1095 thia
384 1066 544 1103 pictasque
570 1066 610 1105 [B
624 1066 880 1110 =pietasque]
904 1070 994 1099 tabu-

299 1109 348 1139 tas
371 1109 542 1148 effuderint.
592 1109 686 1140 G—
641 1125 687 1137 =
707 1112 870 1143 Honestius
892 1114 994 1152 inquis

298 1153 354 1186 hoc
378 1155 413 1183 te
436 1153 572 1191 impense
595 1156 627 1185 in
645 1155 805 1187 Corinthia
824 1160 994 1199 putasque

301 1196 347 1238 [m
368 1195 543 1240 pictasque]
564 1200 688 1230 tabulas
710 1201 883 1240 effuderim.
907 1201 994 1234 V=

300 1242 462 1272 Honestius
476 1243 579 1281 inquis
593 1244 648 1274 hoc
670 1247 706 1275 te
730 1246 915 1284 impensum
938 1256 993 1277 es-

298 1294 339 1316 se
361 1295 457 1324 quam
479 1287 510 1316 in
537 1287 699 1318 Corinthia
719 1290 878 1329 pictasque
902 1293 992 1321 tabu-

299 1331 357 1360 las.
403 1331 557 1362 Vitiosum.
604 1332 863 1365 D=Honestius
889 1337 993 1374 inquis

296 1374 352 1404 hoc
376 1377 409 1404 te
431 1375 566 1414 impense
589 1379 764 1417 tanquam
791 1379 860 1418 [tan
882 1378 929 1421 n.]
958 1382 991 1411 in

299 1419 458 1449 Corinthia
491 1421 650 1460 pictasque
682 1423 806 1453 tabulas
837 1423 990 1462 effunde-

295 1463 385 1493 runt
410 1463 447 1505 (S.
452 1473 495 1493 m.
520 1465 737 1507 effuderunt).
785 1467 811 1498 F
832 1481 877 1493 =
896 1469 989 1499 hone-

295 1507 373 1537 stius
395 1508 507 1546 inquis.
540 1509 560 1539 1
563 1518 581 1540 n
604 1510 660 1541 hoc
684 1513 718 1542 te
741 1512 876 1550 impense
894 1522 990 1552 quam

295 1552 329 1582 in
355 1552 510 1583 Corinthia
533 1554 694 1593 pictasque
725 1557 850 1586 tabulas
871 1558 988 1596 effude-

252 1634 257 1639 ἣ
295 1603 313 1625 r
323 1598 395 1626 unt.
443 1596 501 1626 Ex.
519 1597 590 1628 Fac.
602 1603 635 1628 et
649 1598 746 1630 Prim.
758 1614 801 1627 =
814 1602 988 1640 Honestius,

293 1640 418 1679 inquis,
464 1641 506 1671 in
551 1642 622 1673 hos
667 1644 856 1683 impensum
900 1654 988 1676 esse

294 1685 404 1721 quod
425 1686 459 1715 in
485 1686 646 1718 Corinthia
672 1690 832 1739 pictasque
865 1691 988 1720 tabulas

293 1728 467 1778 effuderint.
493 1729 548 1761 P2.
559 1732 690 1763 =hac
709 1734 857 1772 impensa
879 1735 988 1773 quod

293 1773 327 1802 in
359 1773 519 1804 Corinthia
548 1776 665 1814 pictae
698 1779 840 1808 tabulae
871 1780 987 1818 effude-

293 1817 365 1847 rint.
411 1815 470 1848 1³3.
491 1833 537 1846 =
557 1821 614 1851 hoc
637 1823 671 1851 te
701 1823 871 1862 impendit
890 1832 986 1862 quam

292 1861 327 1891 in
362 1861 520 1894 Corinthia
540 1865 701 1904 pictasque
730 1868 855 1898 tabulas
886 1869 986 1918 effun-

294 1906 422 1936 dit-ur.
469 1907 527 1938 P4.
547 1922 592 1934 =
611 1910 667 1940 hoc
699 1913 736 1940 te
771 1912 929 1950 impensae
951 1913 984 1943 in

295 1949 454 1981 Corinthia
483 1953 643 1992 pictasque
674 1955 798 1986 tabulas
830 1957 985 1995 effunde·-

291 1994 362 2024 rint.
411 1993 480 2027 Col.
493 1998 794 2030 =huiusmodi
816 2001 984 2039 impensae,

291 2039 399 2074 quod
430 2040 462 2070 in
499 2042 657 2074 Corinthia
686 2044 806 2082 pictae
841 2046 984 2076 tabulae

291 2081 464 2119 effuderint.
500 2086 570 2115 Ort.
583 2087 693 2117 =hoc
717 2089 903 2126 impensum
927 2099 982 2121 es-

290 2133 352 2164 se,
383 2129 493 2165 quod
516 2130 549 2160 in
572 2131 733 2161 Corinthia
752 2133 912 2171 pictasque
935 2137 983 2163 ta—

291 2170 380 2201 bulas
401 2172 573 2211 effuderint.
598 2175 663 2208 :3223
677 2176 788 2206 =1wc
806 2179 842 2207 te
863 2179 982 2215 impen-

290 2222 322 2245 se
344 2224 440 2253 quam
462 2217 494 2248 in
510 2218 668 2250 Corinthia
679 2221 780 2259 pictas
792 2221 915 2251 tabulas
937 2222 981 2260 ef-

289 2259 462 2309 [adei-int..
483 2261 544 2295 OEl
567 2276 610 2289 Ξ
633 2263 701 2294 hos
728 2265 863 2303 impense
885 2275 980 2304 quam

289 2303 322 2333 in
348 2304 507 2336 Corinthia
526 2307 627 2345 pictas
661 2309 784 2339 tabulas
808 2310 979 2349 effuderint.

291 2346 377 2381 ΘΖ..
413 2350 489 2384 2230
510 2364 555 2377 Ξ
577 2352 761 2391 Honestius,
782 2354 906 2393 inquis,
939 2356 980 2385 in

289 2392 360 2423 hos
381 2394 566 2434 impensas,
589 2405 684 2435 quam
705 2398 738 2428 in
752 2398 907 2429 Corinthia
928 2399 979 2437 pi-

287 2439 411 2476 ctasque
445 2440 569 2470 tabutas
596 2442 806 2499 effunderim.
853 2440 911 2474 P4.
935 2457 978 2469 =

291 2482 430 2513 Vitium
453 2486 505 2514 est.
543 2484 658 2515 13G1’2.
671 2481 703 2516 4.
716 2503 758 2508 —
771 2488 892 2526 ubique.
917 2486 976 2519 P3.

286 2540 330 2553 =
346 2529 464 2566 utque.
510 2530 538 2559 A
554 2529 822 2572 (cr.m)=quod
845 2533 979 2564 minus

245 2586 248 2590 ·
285 2575 338 2603 est.

330 2648 386 2671 cur
408 2641 552 2679 iynoscas
585 2642 745 2674 homini
780 2646 977 2676 armaria

286 2684 389 2713 citro
411 2688 501 2723 atque
524 2687 611 2717 ebore
633 2691 850 2728 captanti,
881 2698 977 2721 cor·

282 2736 304 2765 p
316 2736 390 2758 ora
433 2732 629 2768 conquirenti.
687 2732 739 2764 Ita
767 2732 975 2766 scribendum

283 2770 432 2803 arbitror.
480 2776 508 2804 A
529 2787 574 2801 =
595 2785 650 2807 cur
672 2778 837 2817 ingnoscas
859 2780 976 2810 homini

281 2818 440 2851 armaria,
460 2820 534 2849 citro
568 2822 659 2858 atque
703 2823 790 2854 ebore
823 2826 975 2863 captante

698 935 739 965 It
739 946 749 965 ι
787 934 1002 967 scribendum>

1008 2781 1166 2812 ⁴librorum
1188 2790 1206 2812 o
1217 2783 1235 2812 b
1244 2783 1280 2812 si
1290 2784 1383 2813 tanti.

1047 736 1106 777 [cr.
1138 736 1290 779 captanti]
1333 746 1464 778 corpora
1504 737 1732 778 commite

1044 784 1100 823 (cr.
1109 781 1173 823 ω).
1220 782 1323 823 Bong.
1337 796 1380 809 =
1393 792 1449 814 cur
1468 784 1612 823 ignoscas
1633 783 1732 814 homi-

1042 827 1075 857 ni
1098 828 1255 858 amorio
1275 828 1352 858 citro
1373 829 1464 867 atque
1494 828 1580 859 ebore
1601 828 1732 866 captan-

1042 871 1084 909 ti,
1107 880 1238 910 corpora
1259 872 1458 910 conquirenti.
1506 870 1588 905 God..⁴
1611 871 1731 903 [ιιι-,Ξ

1040 924 1096 946 cur
1118 917 1252 947 minus
1275 917 1546 955 i9noscashomini
1563 918 1730 955 armario,

1040 961 1115 990 citro
1138 963 1228 999 atque
1251 961 1337 991 ebore
1359 961 1508 1000 captanti.
1554 957 1730 992 lur.ci.=

1038 1013 1183 1034 nomen
1205 1013 1433 1043 marmore,
1455 1006 1640 1044 cite-eatque
1660 1006 1730 1037 ebo-

1037 1057 1071 1078 re
1094 1049 1241 1087 captanti.
1287 1048 1318 1079 V
1337 1062 1383 1075 =
1405 1058 1461 1080 cur
1481 1050 1622 1081 minus
1635 1047 1730 1089 ⁴igno-

1039 1101 1108 1129 scas
1129 1093 1245 1123 homini
1267 1090 1428 1124 armario
1437 1101 1470 1124 m
1492 1093 1615 1125 cedro
1638 1095 1730 1134 utque

1038 1137 1125 1167 ebore
1148 1138 1287 1175 captanti
1308 1146 1440 1177 corpora
1461 1138 1668 1178 conquirenti.
1699 1138 1728 1170 D

1037 1190 1151 1212 =cur
1173 1181 1290 1212 homini
1312 1184 1498 1218 armatum
1521 1181 1608 1225 [s.m.
1621 1191 1728 1215 arma-

1036 1224 1102 1268 ria]
1125 1226 1246 1256 cedro
1279 1229 1371 1265 atque
1393 1227 1480 1257 ebore
1501 1227 1647 1266 captanti.
1660 1226 1729 1259 cor-

1034 1279 1116 1349 pora
1148 1271 1346 1309 conquirenti.
1396 1271 1421 1302 E
1446 1269 1636 1313 cod.1.ip⁸.
1669 1273 1727 1307 fflu

1084 1315 1158 1348 230
1175 1328 1220 1341 =
1241 1324 1295 1345 cnr
1316 1316 1460 1354 i9noscas
1481 1316 1598 1348 homini
1619 1325 1727 1349 arma-

1035 1337 1143 1390 rium
1175 1360 1300 1390 cedro
1333 1362 1424 1399 atque
1455 1360 1541 1391 ebore
1574 1363 1725 1400 captanti,

1033 1412 1164 1443 corpora
1185 1405 1385 1443 conquirenti.
1431 1402 1521 1446 Lipe.
1545 1403 1585 1438 ci.
1606 1419 1650 1432 Ξ
1671 1416 1726 1438 cur

1033 1450 1175 1487 ignoscas
1197 1449 1313 1479 homini
1335 1448 1539 1480 armarium
1566 1448 1649 1491 [sive
1671 1460 1724 1482 ar-

1032 1492 1150 1533 maria]
1181 1494 1306 1524 cedro
1329 1496 1420 1532 atque
1455 1495 1542 1525 ebore
1574 1497 1724 1534 aptanti,

1032 1546 1161 1576 corpora
1195 1547 1281 1576 conq.
1329 1538 1400 1570 (Sto
1412 1560 1421 1571 .
1434 1559 1444 1571 .
1457 1559 1468 1571 .
1481 1537 1549 1573 Qu.
1562 1552 1608 1566 Ξ
1619 1548 1676 1571 cur
1696 1541 1724 1571 i-

1030 1590 1161 1620 9noscas
1182 1582 1299 1613 homini
1320 1583 1463 1613 armaria
1484 1583 1612 1615 cedro
1632 1586 1725 1624 atque

1032 1627 1119 1657 ebore
1151 1628 1292 1665 aptanti
1299 1649 1310 1665 ,
1348 1635 1480 1666 corpora
1513 1629 1651 1668 conquir.
1699 1629 1723 1659 Β

1032 1684 1076 1696 Ξ
1088 1677 1176 1701 cum
1198 1671 1341 1710 i9noscas
1363 1671 1480 1703 homini
1498 1674 1654 1704 armario
1674 1676 1723 1704 at-

1032 1723 1089 1754 que
1111 1716 1197 1746 ebore
1219 1716 1353 1754 captati
1375 1724 1506 1756 corpora
1522 1718 1722 1757 conquirenti.

1034 1759 1064 1790 G
1086 1773 1129 1786 =
1153 1769 1198 1790 cu
1207 1769 1240 1790 m
1277 1760 1306 1800 [s
1326 1758 1395 1802 cur]
1430 1761 1575 1800 iynoscas
1607 1763 1723 1795 homini

1031 1805 1188 1835 armario
1211 1807 1301 1843 atque
1324 1806 1410 1835 ebore
1431 1806 1569 1845 captanti
1582 1815 1722 1846 vcorpora

1030 1850 1251 1887 conquerenti.
1297 1847 1354 1880 P2.
1368 1858 1479 1880 =cur
1501 1849 1644 1889 iqnoscas
1665 1852 1719 1883 λο-

1029 1893 1106 1923 mini
1138 1894 1295 1924 armario
1328 1896 1420 1932 atque
1461 1894 1548 1925 ebore
1581 1903 1619 1926 ca
1714 1897 1721 1904 ’

1028 1945 1160 1975 corpora
1190 1939 1442 1976 conquaerenti.
1486 1936 1546 1970 1²3.
1556 1949 1670 1972 ==eur
1689 1943 1719 1972 i-

1027 1982 1171 2020 9noscis
1204 1982 1320 2013 homini
1351 1985 1497 2014 armato
1525 1985 1646 2016 cebro
1670 1989 1718 2016 at-

1027 2034 1084 2064 que
1106 2027 1193 2059 ebore
1215 2025 1333 2065 captati
1367 2035 1499 2066 corpora
1520 2023 1718 2076 conquirenti.

1027 2068 1085 2100 1³4.
1109 2071 1179 2101 Ort.
1202 2084 1248 2097 =
1269 2080 1326 2102 cur
1358 2072 1500 2114 ignoscas
1541 2074 1717 2106 hominum

1030 2113 1115 2155 [Ort.
1129 2116 1316 2156 ΞΙιοῃιίπὶ]
1340 2117 1507 2157 armario,
1531 2120 1624 2157 atque
1646 2120 1717 2150 ebo-

1025 2167 1058 2188 re
1086 2161 1224 2198 captanti
1257 2169 1388 2198 corpora
1419 2162 1609 2199 conquirenti
1630 2163 1715 2203 (Ort.

1026 2216 1070 2228 =
1092 2205 1327 2242 conquerenti
1375 2203 1446 2235 Cot.
1466 2218 1512 2231 =
1533 2207 1608 2237 cui
1624 2208 1714 2246 ἑρπο-

1024 2255 1095 2277 scas
1117 2247 1233 2278 homini
1256 2250 1397 2279 armaria
1420 2249 1543 2280 cedro
1564 2252 1657 2295 atque
1683 2261 1713 2283 e-

1025 2292 1094 2321 bore
1115 2293 1255 2330 captanti
1274 2301 1405 2332 corpora
1427 2295 1625 2333 conquirenti.
1644 2297 1712 2331 ίῖἓὸ

1025 2349 1068 2361 Ξ
1093 2344 1148 2366 cur
1179 2337 1322 2375 iynoscas
1343 2337 1460 2369 homini
1489 2341 1527 2369 et
1558 2342 1713 2372 armario

1024 2383 1114 2420 atque
1137 2381 1223 2412 ebore
1243 2383 1403 2420 captanti:
1435 2391 1565 2422 corpora
1586 2386 1713 2425 conqui-

1022 2425 1110 2455 renti.
1160 2423 1220 2458 (511.
1234 2427 1344 2462 =cur
1366 2428 1507 2466 ignoscas
1524 2427 1661 2468 liomim',
1674 2432 1711 2460 et

1024 2470 1226 2500 armarium
1249 2471 1393 2510 cedro,
1424 2474 1515 2510 atque
1537 2473 1638 2504 ebori
1656 2482 1710 2505 ea-

1020 2514 1142 2552 ptanti,
1176 2523 1306 2554 corpora
1328 2516 1526 2555 conquirenti.
1571 2515 1635 2551 52.
1651 2539 1663 2553 .
1676 2540 1685 2552 .

1024 2557 1139 2592 ibin:
1161 2568 1216 2590 cur
1241 2561 1379 2591 minus
1401 2561 1543 2600 ignoscas
1564 2570 1710 2596 nomen

1023 2610 1223 2635 marmore
1238 2607 1329 2643 atque
1339 2605 1425 2636 ebore
1435 2607 1575 2644 captanti
1591 2616 1711 2646 quam

1023 2656 1153 2686 opera
1172 2650 1374 2688 conquirenti.
1418 2650 1484 2681 mG
1502 2654 1533 2687 —t-
1549 2651 1709 2691 improba-

1020 2694 1122 2723 torum
1153 2701 1293 2732 opera.
1338 2692 1480 2732 Quidam
1497 2693 1596 2726 codd.
1618 2695 1708 2728 Pinc.

1021 2754 1059 2759 —
1076 2739 1103 2767 et
1124 2741 1202 2767 ante
1221 2738 1301 2769 inter
1323 2740 1386 2770 tot.-
1408 2737 1463 2770 alii
1480 2757 1515 2763 -
1527 2743 1579 2773 tot.
1624 2741 1707 2772 E=

1429 2781 1486 2815 1³4.
1496 2798 1542 2813 Ξ
1559 2785 1707 2816 libr-erum

1018 2825 1037 2855 11
1049 2834 1066 2856 o
1076 2834 1091 2855 s
1101 2828 1111 2856 t
1121 2827 1132 2856 i
1141 2835 1161 2856 a
1170 2826 1201 2857 ti
1224 2825 1251 2868 (s
1275 2827 1446 2870 hospitati).
1488 2827 1603 2861 P3J=
1613 2830 1706 2861 tioro-
