1812 3184
421 170 603 219 NATUR.
635 171 844 221 QUAEST.
877 172 971 216 Lm.
996 173 1059 212 lV.
1100 173 1272 213 PRAEF.
1487 175 1571 222 529

120 284 206 328 sed>
219 284 299 327 iam
320 283 451 326 seclus
471 297 561 326 esse
582 291 828 327 contextum.
890 284 1137 341 Fugiemlum
1166 299 1262 341 ergo
1283 292 1323 328 et
1344 286 1383 328 in
1408 300 1452 331 se
1476 289 1565 330 red-

119 350 288 397 eundum
325 358 412 404 est,
454 351 573 394 immo
609 352 726 395 etiam
756 367 778 395 a
808 367 854 396 se
884 354 1168 405 recedendum.
1229 352 1317 395 Hoe
1354 354 1447 406 tibi,
1488 357 1613 399 elsim

119 419 216 463 muri
238 419 473 472 diuidimur,
503 427 704 476 praestare
724 422 937 478 temptabo,
971 427 1013 464 ut
1030 421 1186 463 dubium
1207 421 1294 463 uiae
1315 421 1459 464 iniecta
1481 438 1564 466 ma-

119 502 172 532 nu
191 489 239 531 ad
259 488 422 531 meliora
443 482 670 545 perducam.
715 496 756 530 et
775 503 824 531 ue
847 489 1096 531 solitudinem
1119 489 1290 541 sentim,
1323 489 1411 532 hine
1436 498 1563 534 tecum

118 556 292 600 miscebo
322 569 544 599 sermones.
606 555 766 598 Erimus
797 571 874 598 una
899 572 972 615 qua
998 564 1108 613 parte
1138 547 1279 613 optimi
1294 571 1454 603 sumus:
1496 560 1564 601 ‹la-

118 624 247 668 bimus
264 624 434 667 inuicem
450 624 616 666 consilia
634 638 711 666 nou
732 638 785 666 ex
803 625 910 666 uoltu
927 625 1120 666 audientis
1139 625 1361 681 pendentia.
1421 624 1564 683 Longe

120 699 159 734 te
181 692 230 734 ab
253 691 327 734 ista
358 690 562 747 prouincia
591 691 803 742 abducam,
846 706 896 733 ne
925 693 1026 733 forte
1057 706 1235 747 maguam
1268 692 1443 735 historiis
1472 708 1564 736 esse

118 759 233 802 fidem
247 758 391 800 eredas
409 764 450 799 et
467 757 624 813 placere
643 758 710 799 tibi
730 758 894 814 incipias
906 791 919 812 ‚
951 759 1131 814 quotiens
1151 760 1413 815 cogitaueris:
1449 761 1564 804 Hane
1581 771 1616 799 20

119 825 345 882 egohabeo
374 824 446 867 sub
476 838 565 866 meo
594 824 680 866 iure
708 826 951 881 prouinciam
983 840 1082 881 quae
1119 828 1378 870 maximarum
1410 829 1563 872 urbium

118 893 322 936 exercitus
351 899 394 935 et
419 892 607 934 sustinuit
632 899 672 934 et
697 893 836 948 fregit,
879 907 966 935 oum
996 894 1101 935 inter
1123 892 1402 951 Carthaginem
1425 903 1466 938 et
1481 896 1566 939 Ro-

117 976 219 1004 mam
239 960 423 1016 ‘ingentis
454 959 545 1002 belli
580 960 744 1016 pretium
783 961 927 1013 iacuit,
975 976 1061 1003 cum
1101 969 1268 1017 quatuor
1296 963 1565 1007 Romanorum

118 1028 361 1086 principum,
400 1028 438 1070 id
461 1034 524 1069 est
546 1027 664 1069 totius
683 1028 836 1084 imperii
861 1029 967 1071 uires
992 1036 1214 1071 contractas
1235 1029 1273 1071 in
1295 1045 1413 1072 unum
1437 1032 1566 1075 locum

118 1097 216 1139 uidit
236 1097 431 1152 altamque
447 1093 623 1152 Pompeii
649 1096 842 1138 fortunam
869 1096 1022 1150 erexit,
1054 1094 1239 1139 Caesaris
1260 1098 1452 1153 latigauit,
1486 1099 1567 1142 Le-

119 1164 196 1221 pidi
240 1163 464 1215 transtulit,
520 1164 692 1205 omnium
732 1164 848 1217 oepit.
916 1178 1016 1220 quae
1059 1165 1110 1206 illi
1153 1165 1304 1220 ingenti
1340 1169 1565 1222 spectaculo
1582 1179 1612 1207 '21

118 1232 297 1274 interfuit
325 1230 379 1273 ex
409 1245 485 1287 quo
516 1231 667 1286 liquere
696 1232 927 1274 mortalibus
954 1239 1089 1285 posset
1110 1248 1222 1287 quam
1251 1233 1372 1275 uelox
1395 1235 1499 1276 foret
1516 1237 1563 1278 ad

117 1299 236 1341 imum
263 1299 398 1355 lapsus
421 1312 474 1340 ex
495 1312 648 1340 summo
672 1313 863 1354 quamque
885 1300 1041 1341 diuersa
1063 1300 1124 1341 uia
1149 1315 1327 1356 magnam
1353 1303 1566 1357 potentiam

119 1368 275 1409 fortuna
303 1367 540 1408 destrueret.
602 1363 691 1408 Uno
724 1367 827 1407 enim
860 1374 1036 1421 tempore
1070 1367 1166 1408 uidit
1192 1367 1422 1423 Pompeium
1447 1358 1570 1426 Lepi-

120 1435 288 1490 dumque
305 1447 360 1475 ex
379 1433 552 1475 maximo
572 1433 726 1489 fastigio
750 1434 866 1475 aliter
894 1435 1084 1490 aliterque
1107 1436 1152 1476 ad
1173 1442 1353 1477 extrema
1374 1437 1566 1490 deiectos,

121 1517 209 1544 cum
238 1499 450 1558 Pompeius
480 1501 648 1543 alienum
678 1502 897 1543 exereitum
930 1504 1111 1557 sugeret,
1143 1501 1317 1558 Lepidus
1347 1517 1475 1546 suum.

165 1637 309 1671 mG==et
328 1639 408 1672 inse
422 1637 701 1670 recedendum.
728 1637 820 1679 G(cr.

126 1686 183 1723 ω)
195 1685 346 1716 =immo
358 1685 454 1717 etiam
476 1683 529 1715 ad
551 1691 583 1714 se
603 1682 821 1715 recedendum.

169 1726 221 1762 19.
248 1730 332 1761 maru·
366 1729 541 1761 dividimur
562 1741 607 1755 =
629 1728 687 1760 Ee.
756 1727 823 1759 mG

122 1776 193 1811 58..
197 1774 498 1810 ..ἳῧάἰυὶάἰπιυν
519 1774 603 1805 mari
629 1773 675 1816 (ΞΒ
687 1787 733 1800 =
752 1782 823 1804 ma-

120 1820 191 1863 re).
232 1818 503 1851 G=dtvidimur
523 1819 658 1850 malim
680 1821 823 1858 praesta-

122 1874 156 1898 re
181 1875 247 1897 om.
273 1865 438 1904 temptabo.
495 1863 542 1895 Ee
563 1881 603 1887 ——
624 1866 658 1894 ut
692 1865 824 1895 dubium

119 1919 224 1943 mae.
283 1909 500 1950 p.erd.ucam
548 1907 633 1949 G(⁸·
636 1910 699 1949 m.)
722 1923 767 1936 =
791 1911 824 1940 ut

121 1955 300 1988 subinde
323 1958 358 1986 te
390 1955 585 1986 interiecta
608 1963 717 1985 manu.
760 1952 820 1985 1³3.

121 2003 212 2032 =u1
238 2001 369 2032 dubium
391 2008 448 2030 me
471 2000 586 2031 iniecta
607 2007 716 2030 manu.
763 1995 822 2030 1²4.

125 2044 198 2077 col.
221 2046 254 2080 Β
274 2058 321 2072 ==
341 2047 375 2076 ut
397 2045 529 2075 dubium
552 2053 609 2075 me
636 2045 823 2076 interiecta

124 2099 234 2122 manu.
279 2089 373 2122 Fon-t.
397 2087 455 2121 P3.
478 2103 523 2116 =
546 2098 611 2129 qua
630 2092 721 2128 parte
744 2098 824 2120 me-

123 2137 258 2168 1iores
278 2143 399 2167 sumus.
446 2134 472 2165 E
495 2148 542 2163 -.-
564 2138 599 2165 et
633 2134 664 2175 [s
685 2132 762 2176 non]
786 2142 824 2165 ex

122 2181 234 2212 vultis
254 2180 284 2222 [s
300 2191 343 2211 m.
362 2181 452 2211 voti
459 2178 489 2222 s]
515 2179 672 2210 audientis
684 2180 823 2218 penden-

122 2227 191 2257 tia.
226 2227 356 2256 esset
379 2234 443 2256 non
469 2233 509 2256 ex
530 2224 640 2256 vultis
666 2224 727 2265 [cr.
750 2233 822 2255 vo-

122 2270 195 2312 tis]
219 2271 377 2302 audientis
394 2270 573 2309 pendentia.
621 2268 821 2309 G(soe)Gr.

123 2315 157 2350 Β
170 2317 327 2350 ...ΘΞ
339 2317 374 2347 et
397 2324 436 2347 ex
457 2315 547 2346 vultu
570 2314 727 2346 audientis
746 2323 824 2353 pen-

125 2360 243 2392 dentia.
294 2359 386 2392 Pine.
408 2357 448 2390 ei.
470 2359 626 2393 ffiuR=
640 2361 675 2390 et
697 2368 736 2390 ex
753 2359 825 2390 vul-

124 2407 158 2435 tu
180 2406 337 2437 audientis
355 2404 568 2444 pendentem
591 2404 679 2442 longe
703 2406 741 2434 te.
778 2403 825 2433 Ee

125 2463 170 2476 =
183 2451 224 2480 ab
247 2450 267 2480 h
277 2459 324 2481 ac
345 2450 519 2488 provincia.
568 2447 598 2478 G
609 2450 704 2488 (sm)
719 2447 777 2479 Gr.
791 2448 823 2481 23

125 2509 170 2522 =
185 2495 379 2526 adducam.
418 2493 564 2533 G(moe)
580 2510 613 2516 —
631 2493 825 2533 cogitaveris.

171 2537 228 2571 20.
255 2538 285 2570 G
302 2553 348 2566 =
371 2539 427 2570 sub
450 2538 567 2570 modo
594 2537 624 2578 [s
647 2537 733 2578 pio]
757 2539 826 2568 iure

124 2586 331 2624 moviaewiam.
369 2594 387 2614 e
401 2600 443 2606 —
457 2586 485 2614 et
505 2587 584 2614 ante
606 2584 762 2614 sustinuit.
795 2581 825 2613 G

126 2644 173 2657 =
194 2638 265 2661 cum
288 2632 423 2670 quatuor
453 2629 684 2668 principibus
709 2628 826 2661 Roma-

125 2684 251 2707 norum.

171 2721 392 2760 altamque
415 2719 556 2758 Pompeii
578 2718 737 2758 fortunam
762 2726 827 2749 ere-

125 2766 327 2800 xil=fl3m
341 2764 387 2799 R.
434 2763 501 2795 Sed
529 2762 653 2806 aliquid
678 2761 750 2794 vitii
773 2762 827 2794 la-

125 2817 198 2843 tere
226 2809 259 2842 iu
291 2820 374 2842 voce
398 2811 600 2850 altamque
625 2807 723 2841 facile
746 2807 826 2841 mihi

868 1638 1025 1681 persuasi.
1071 1637 1215 1671 Videtur
1230 1641 1356 1672 Seneca
1377 1639 1564 1683 scripsisse:

868 1685 1021 1724 alteque
1053 1685 1195 1723 Pompeii
1229 1686 1250 1724 f.
1285 1694 1311 1717 e.
1345 1684 1400 1717 vel
1435 1687 1568 1727 adfli-

868 1731 1046 1768 clamque
1075 1730 1220 1768 Pompeis
1240 1730 1263 1769 s.
1288 1739 1313 1761 e.
1360 1731 1567 1764 E=ald’-

867 1782 925 1813 que
952 1772 988 1814 [i.
1013 1783 1042 1804 e.
1068 1773 1278 1817 aliudque]
1303 1776 1414 1816 Pomp.
1438 1777 1462 1817 s.
1485 1786 1512 1809 e.
1549 1788 1568 1809 e

869 1833 912 1845 =
925 1819 1083 1858 altamque
1097 1816 1144 1862 [Ρ]
1164 1821 1306 1859 Pompeii
1329 1821 1489 1860 fortunam
1510 1831 1568 1854 re-

868 1865 934 1895 xit.
984 1863 1078 1894 G—
1034 1878 1078 1890 =
1102 1865 1135 1895 iu
1167 1874 1266 1896 unum
1300 1866 1402 1905 locum
1438 1867 1496 1908 [m
1524 1876 1568 1898 α-

868 1910 1042 1949 liumque
1075 1910 1230 1951 Pompei]
1274 1911 1420 1950 fortuna
1462 1915 1569 1944 erexit.

869 1953 958 1985 Pinc.
976 1965 1008 1986 v.
1022 1953 1045 1985 l.
1065 1968 1110 1981 =
1131 1956 1317 1995 altumque
1340 1957 1483 1996 Pompeii
1503 1959 1568 1998 for-

868 2002 964 2030 tuna
987 2001 1093 2032 erexit.
1140 1998 1228 2031 Pinc.
1252 1999 1569 2034 ci.=animum-

867 2053 926 2084 que
947 2046 1090 2084 Pompeii
1125 2045 1253 2085 fortuna
1285 2047 1393 2077 erexit.
1439 2044 1498 2079 P3.
1522 2061 1568 2075 =

868 2090 1062 2129 aliumque
1095 2090 1226 2129 Pompei
1258 2091 1419 2130 fortunam
1455 2094 1570 2124 rexit.

869 2130 926 2165 P4.
949 2149 993 2161 =
1012 2135 1203 2174 aliumque
1235 2136 1378 2175 Pompeii
1409 2137 1570 2176 fortunam

868 2181 973 2210 erexit.
1010 2177 1081 2210 Col.
1093 2189 1170 2210 =a
1182 2180 1242 2211 liu
1255 2189 1354 2221 mque
1373 2182 1484 2222 Pomp.
1506 2184 1570 2223 for-

867 2227 900 2255 lu
912 2234 932 2256 n
942 2234 964 2256 a
985 2226 1093 2256 erexit.

914 2282 1056 2312 omnium
1086 2282 1167 2320 oepit
1189 2294 1235 2307 =
1258 2281 1305 2311 Ee
1320 2278 1379 2313 P3.
1460 2282 1491 2313 G
1512 2280 1570 2314 P4.

873 2324 945 2357 Col.
969 2326 1002 2359 §3
1027 2347 1037 2359 0
1048 2347 1058 2359 0
1072 2348 1083 2359 .
1108 2325 1142 2360 R
1167 2329 1202 2363 -l-
1231 2327 1369 2357 omnium
1380 2336 1399 2366 q
1409 2337 1430 2358 u
1439 2336 1454 2359 e
1478 2329 1569 2368 cepit.

870 2369 962 2402 Pinc.
975 2369 1013 2400 ci.
1026 2384 1070 2396 =
1080 2372 1219 2401 omnium
1242 2380 1258 2402 c
1269 2381 1286 2401 ο
1295 2381 1316 2402 n
1325 2380 1341 2402 c
1352 2381 1373 2401 u
1383 2381 1398 2402 s
1408 2373 1476 2403 sit.

915 2422 970 2456 21.
997 2424 1088 2457 Pinc.
1102 2425 1143 2457 ei.
1157 2441 1201 2454 =
1213 2428 1285 2466 qui
1307 2428 1353 2458 illi
1368 2429 1483 2467 ingenti
1502 2437 1572 2469 spe-

871 2471 991 2502 ctaculo
1013 2472 1216 2511 interfuere:
1240 2481 1301 2511 quo
1323 2473 1447 2512 liquere.

916 2526 1019 2558 Ee==
1032 2536 1070 2558 ex
1093 2536 1153 2567 quo
1175 2529 1290 2568 liquere
1309 2529 1494 2560 mortalibus
1507 2539 1529 2569 p
1540 2540 1573 2562 ο-

872 2574 954 2603 test
977 2581 1073 2612 quam
1094 2574 1186 2604 velox
1203 2574 1256 2604 sit
1280 2574 1323 2604 acl
1340 2575 1440 2605 imum
1464 2575 1573 2615 lapsus

872 2626 886 2648 e
910 2626 1041 2649 summo.
1091 2617 1121 2648 G
1138 2619 1298 2658 —lapsus
1323 2623 1401 2649 aute
1425 2629 1464 2651 ez·
1486 2630 1574 2652 sum-

871 2671 933 2694 mo.
982 2661 1040 2694 Gr.
1052 2677 1096 2690 =
1108 2672 1146 2694 ex
1170 2672 1201 2694 m
1211 2673 1231 2694 a
1241 2673 1260 2704 9
1270 2674 1291 2695 n
1302 2673 1319 2695 o
1341 2664 1478 2705 fastigio.
1526 2665 1573 2697 Ee

873 2724 917 2731 —
928 2716 1080 2740 maximo.

918 2764 1008 2795 aliter
1031 2765 1243 2806 aliterque
1269 2765 1314 2796 ad
1328 2768 1467 2798 extrema
1492 2767 1574 2798 deie-

872 2811 936 2841 ctos
948 2823 993 2837 n:
1004 2809 1063 2841 Ee.
1135 2809 1166 2841 G
1179 2811 1211 2844 Β
1279 2810 1312 2844 R
1328 2829 1362 2834 —
1381 2812 1541 2851 aliterque.

1191 2854 1287 2897 37*
