<?xml version="1.0" encoding="UTF-8"?>
<!DOCTYPE html PUBLIC "-//W3C//DTD XHTML 1.0 Transitional//EN"
    "http://www.w3.org/TR/xhtml1/DTD/xhtml1-transitional.dtd">
<html xmlns="http://www.w3.org/1999/xhtml" xml:lang="en" lang="en">
 <head>
  <title>
</title>
<meta http-equiv="Content-Type" content="text/html;charset=utf-8" />
  <meta name='ocr-system' content='tesseract 3.04.00' />
  <meta name='ocr-capabilities' content='ocr_page ocr_carea ocr_par ocr_line ocrx_word'/>
</head>
<body>
  <div class='ocr_page' id='page_1' title='image "./operasene03seneuoft/operasene03seneuoft_0627.png"; bbox 0 0 1812 3184; ppageno 0'>
   <div class='ocr_carea' id='block_1_1' title="bbox 548 151 1618 202">
    <p class='ocr_par' dir='ltr' id='par_1_1' title="bbox 548 151 1618 202">
     <span class='ocr_line' id='line_1_1' title="bbox 548 151 1618 202; baseline 0.005 -10"><span class='ocrx_word' id='word_1_1' title='bbox 548 152 731 193; x_wconf 84' lang='lat' dir='ltr'><strong>NATUR.</strong></span> <span class='ocrx_word' id='word_1_2' title='bbox 763 151 972 202; x_wconf 79' lang='lat' dir='ltr'><strong>QUAEST.</strong></span> <span class='ocrx_word' id='word_1_3' title='bbox 1004 151 1098 193; x_wconf 87' lang='lat' dir='ltr'><strong>LIB.</strong></span> <span class='ocrx_word' id='word_1_4' title='bbox 1118 152 1172 202; x_wconf 89' lang='lat' dir='ltr'><strong>V,</strong></span> <span class='ocrx_word' id='word_1_5' title='bbox 1205 158 1241 194; x_wconf 81' lang='lat'><strong>1.</strong></span> <span class='ocrx_word' id='word_1_6' title='bbox 1536 152 1618 197; x_wconf 80' lang='lat'><strong>607</strong></span> 
     </span>
    </p>
   </div>
   <div class='ocr_carea' id='block_1_2' title="bbox 121 263 1693 1404">
    <p class='ocr_par' dir='ltr' id='par_1_2' title="bbox 121 263 1693 1404">
     <span class='ocr_line' id='line_1_2' title="bbox 176 263 1620 323; baseline 0.001 -15"><span class='ocrx_word' id='word_1_7' title='bbox 176 265 251 308; x_wconf 69' lang='lat' dir='ltr'><strong>aiio</strong></span> <span class='ocrx_word' id='word_1_8' title='bbox 272 268 454 319; x_wconf 75' lang='lat' dir='ltr'><strong>sursum,</strong></span> <span class='ocrx_word' id='word_1_9' title='bbox 483 265 561 307; x_wconf 74' lang='lat' dir='ltr'><strong>alia</strong></span> <span class='ocrx_word' id='word_1_10' title='bbox 587 266 772 308; x_wconf 83' lang='lat' dir='ltr'><strong>deorsum</strong></span> <span class='ocrx_word' id='word_1_11' title='bbox 798 265 911 308; x_wconf 78' lang='lat' dir='ltr'><strong>uarie</strong></span> <span class='ocrx_word' id='word_1_12' title='bbox 934 265 1226 308; x_wconf 80' lang='lat' dir='ltr'><strong>concursantia.</strong></span> <span class='ocrx_word' id='word_1_13' title='bbox 1287 263 1397 322; x_wconf 85' lang='lat' dir='ltr'><strong>Ergo</strong></span> <span class='ocrx_word' id='word_1_14' title='bbox 1420 271 1464 308; x_wconf 90' lang='lat' dir='ltr'><strong>ut</strong></span> <span class='ocrx_word' id='word_1_15' title='bbox 1483 279 1620 323; x_wconf 80' lang='lat' dir='ltr'><strong>parum</strong></span> 
     </span>
     <span class='ocr_line' id='line_1_3' title="bbox 175 327 1620 391; baseline 0.001 -15"><span class='ocrx_word' id='word_1_16' title='bbox 175 333 385 390; x_wconf 47' lang='lat' dir='ltr'><strong>disputet·</strong></span> <span class='ocrx_word' id='word_1_17' title='bbox 401 334 695 391; x_wconf 83' lang='lat' dir='ltr'><strong>conprehendet</strong></span> <span class='ocrx_word' id='word_1_18' title='bbox 713 334 815 390; x_wconf 89' lang='lat' dir='ltr'><strong>quod</strong></span> <span class='ocrx_word' id='word_1_19' title='bbox 839 334 924 383; x_wconf 79' lang='lat' dir='ltr'><strong>uult</strong></span> <span class='ocrx_word' id='word_1_20' title='bbox 944 334 1010 391; x_wconf 89' lang='lat' dir='ltr'><strong>qui</strong></span> <span class='ocrx_word' id='word_1_21' title='bbox 1031 327 1200 385; x_wconf 83' lang='lat' dir='ltr'><strong>dixerit,</strong></span> <span class='ocrx_word' id='word_1_22' title='bbox 1231 330 1396 381; x_wconf 85' lang='lat' dir='ltr'><strong>Fluctus</strong></span> <span class='ocrx_word' id='word_1_23' title='bbox 1415 340 1479 376; x_wconf 91' lang='lat' dir='ltr'><strong>est</strong></span> <span class='ocrx_word' id='word_1_24' title='bbox 1499 334 1620 377; x_wconf 80' lang='lat' dir='ltr'><strong>maris</strong></span> 
     </span>
     <span class='ocr_line' id='line_1_4' title="bbox 174 397 1653 459; baseline -0.003 -15"><span class='ocrx_word' id='word_1_25' title='bbox 174 401 359 458; x_wconf 57' lang='lat' dir='ltr'><strong>agitatio,</strong></span> <span class='ocrx_word' id='word_1_26' title='bbox 401 402 493 458; x_wconf 83' lang='lat' dir='ltr'><strong>quia</strong></span> <span class='ocrx_word' id='word_1_27' title='bbox 518 397 767 459; x_wconf 62' lang='lat' dir='ltr'><strong>truuquillum</strong></span> <span class='ocrx_word' id='word_1_28' title='bbox 792 415 947 459; x_wconf 90' lang='lat' dir='ltr'><strong>quoque</strong></span> <span class='ocrx_word' id='word_1_29' title='bbox 970 401 1168 458; x_wconf 75' lang='lat' dir='ltr'>agitatur,</span> <span class='ocrx_word' id='word_1_30' title='bbox 1210 401 1336 443; x_wconf 80' lang='lat' dir='ltr'><strong>atille</strong></span> <span class='ocrx_word' id='word_1_31' title='bbox 1366 401 1521 443; x_wconf 79' lang='lat' dir='ltr'><strong>abunde</strong></span> <span class='ocrx_word' id='word_1_32' title='bbox 1542 402 1617 444; x_wconf 86' lang='lat' dir='ltr'><strong>sibi</strong></span> <span class='ocrx_word' id='word_1_33' title='bbox 1635 414 1653 440; x_wconf 82' lang='lat'>3</span> 
     </span>
     <span class='ocr_line' id='line_1_5' title="bbox 175 467 1618 524; baseline -0.001 -12"><span class='ocrx_word' id='word_1_34' title='bbox 175 469 329 512; x_wconf 73' lang='lat' dir='ltr'><strong>canerit</strong></span> <span class='ocrx_word' id='word_1_35' title='bbox 352 470 466 513; x_wconf 82' lang='lat' dir='ltr'><strong>cuius</strong></span> <span class='ocrx_word' id='word_1_36' title='bbox 492 470 590 512; x_wconf 86' lang='lat' dir='ltr'><strong>haec</strong></span> <span class='ocrx_word' id='word_1_37' title='bbox 618 470 792 512; x_wconf 80' lang='lat' dir='ltr'><strong>definitio</strong></span> <span class='ocrx_word' id='word_1_38' title='bbox 818 470 959 524; x_wconf 83' lang='lat' dir='ltr'><strong>fuerit,</strong></span> <span class='ocrx_word' id='word_1_39' title='bbox 1002 467 1167 512; x_wconf 89' lang='lat' dir='ltr'><strong>Fluctus</strong></span> <span class='ocrx_word' id='word_1_40' title='bbox 1196 476 1258 511; x_wconf 88' lang='lat' dir='ltr'><strong>est</strong></span> <span class='ocrx_word' id='word_1_41' title='bbox 1287 468 1406 511; x_wconf 86' lang='lat' dir='ltr'><strong>maris</strong></span> <span class='ocrx_word' id='word_1_42' title='bbox 1434 469 1474 510; x_wconf 90' lang='lat' dir='ltr'><strong>iu</strong></span> <span class='ocrx_word' id='word_1_43' title='bbox 1502 483 1618 511; x_wconf 84' lang='lat' dir='ltr'><strong>unam</strong></span> 
     </span>
     <span class='ocr_line' id='line_1_6' title="bbox 177 537 1622 594; baseline -0.001 -14"><span class='ocrx_word' id='word_1_44' title='bbox 177 545 327 594; x_wconf 73' lang='lat' dir='ltr'><strong>partem</strong></span> <span class='ocrx_word' id='word_1_45' title='bbox 356 537 547 594; x_wconf 72' lang='lat' dir='ltr'>agitatio:</span> <span class='ocrx_word' id='word_1_46' title='bbox 587 538 646 580; x_wconf 87' lang='lat' dir='ltr'><strong>sic</strong></span> <span class='ocrx_word' id='word_1_47' title='bbox 670 538 711 579; x_wconf 90' lang='lat' dir='ltr'><strong>in</strong></span> <span class='ocrx_word' id='word_1_48' title='bbox 735 538 809 580; x_wconf 83' lang='lat' dir='ltr'><strong>hac</strong></span> <span class='ocrx_word' id='word_1_49' title='bbox 840 552 885 580; x_wconf 85' lang='lat' dir='ltr'><strong>re</strong></span> <span class='ocrx_word' id='word_1_50' title='bbox 915 552 1032 594; x_wconf 83' lang='lat' dir='ltr'><strong>quam</strong></span> <span class='ocrx_word' id='word_1_51' title='bbox 1065 552 1152 580; x_wconf 91' lang='lat' dir='ltr'><strong>cum</strong></span> <span class='ocrx_word' id='word_1_52' title='bbox 1182 537 1364 579; x_wconf 38' lang='lat' dir='ltr'><strong>*maxime</strong></span> <span class='ocrx_word' id='word_1_53' title='bbox 1397 537 1622 591; x_wconf 72' lang='lat' dir='ltr'>quaerimus</span> 
     </span>
     <span class='ocr_line' id='line_1_7' title="bbox 175 602 1624 661; baseline -0.001 -13"><span class='ocrx_word' id='word_1_54' title='bbox 175 621 255 648; x_wconf 84' lang='lat' dir='ltr'><strong>non</strong></span> <span class='ocrx_word' id='word_1_55' title='bbox 279 606 626 648; x_wconf 77' lang='lat' dir='ltr'><strong>circumscribetur</strong></span> <span class='ocrx_word' id='word_1_56' title='bbox 653 605 719 661; x_wconf 90' lang='lat' dir='ltr'><strong>qui</strong></span> <span class='ocrx_word' id='word_1_57' title='bbox 752 605 805 647; x_wconf 83' lang='lat' dir='ltr'><strong>ita</strong></span> <span class='ocrx_word' id='word_1_58' title='bbox 836 619 883 647; x_wconf 82' lang='lat' dir='ltr'><strong>se</strong></span> <span class='ocrx_word' id='word_1_59' title='bbox 914 605 1110 660; x_wconf 80' lang='lat' dir='ltr'><strong>gesserit,</strong></span> <span class='ocrx_word' id='word_1_60' title='bbox 1153 612 1196 647; x_wconf 92' lang='lat' dir='ltr'><strong>ut</strong></span> <span class='ocrx_word' id='word_1_61' title='bbox 1219 605 1347 657; x_wconf 81' lang='lat' dir='ltr'><strong>dicat,</strong></span> <span class='ocrx_word' id='word_1_62' title='bbox 1379 602 1535 646; x_wconf 83' lang='lat' dir='ltr'><strong>Uentos</strong></span> <span class='ocrx_word' id='word_1_63' title='bbox 1561 612 1624 647; x_wconf 87' lang='lat' dir='ltr'><strong>est</strong></span> 
     </span>
     <span class='ocr_line' id='line_1_8' title="bbox 175 672 1622 729; baseline -0.001 -13"><span class='ocrx_word' id='word_1_64' title='bbox 175 674 300 716; x_wconf 75' lang='lat' dir='ltr'><strong>fluens</strong></span> <span class='ocrx_word' id='word_1_65' title='bbox 325 687 397 716; x_wconf 75' lang='lat' dir='ltr'><strong>aer</strong></span> <span class='ocrx_word' id='word_1_66' title='bbox 414 673 458 716; x_wconf 87' lang='lat' dir='ltr'><strong>iu</strong></span> <span class='ocrx_word' id='word_1_67' title='bbox 479 687 597 716; x_wconf 79' lang='lat' dir='ltr'><strong>unam</strong></span> <span class='ocrx_word' id='word_1_68' title='bbox 624 679 776 728; x_wconf 76' lang='lat' dir='ltr'><strong>partem</strong></span> <span class='ocrx_word' id='word_1_69' title='bbox 807 679 876 713; x_wconf 82' lang='lat' dir='ltr'><strong>aut</strong></span> <span class='ocrx_word' id='word_1_70' title='bbox 904 686 976 714; x_wconf 82' lang='lat' dir='ltr'><strong>aer</strong></span> <span class='ocrx_word' id='word_1_71' title='bbox 1009 672 1134 714; x_wconf 86' lang='lat' dir='ltr'><strong>fluens</strong></span> <span class='ocrx_word' id='word_1_72' title='bbox 1165 673 1300 729; x_wconf 88' lang='lat' dir='ltr'><strong>inpetu</strong></span> <span class='ocrx_word' id='word_1_73' title='bbox 1331 673 1492 714; x_wconf 46' lang='lat' dir='ltr'><strong>aut‘uis</strong></span> <span class='ocrx_word' id='word_1_74' title='bbox 1517 673 1622 714; x_wconf 82' lang='lat' dir='ltr'><strong>aeris</strong></span> 
     </span>
     <span class='ocr_line' id='line_1_9' title="bbox 173 738 1622 797; baseline -0.001 -14"><span class='ocrx_word' id='word_1_75' title='bbox 173 742 216 783; x_wconf 78' lang='lat' dir='ltr'><strong>in</strong></span> <span class='ocrx_word' id='word_1_76' title='bbox 235 753 352 783; x_wconf 69' lang='lat' dir='ltr'><strong>unam</strong></span> <span class='ocrx_word' id='word_1_77' title='bbox 374 746 526 797; x_wconf 68' lang='lat' dir='ltr'><strong>partem</strong></span> <span class='ocrx_word' id='word_1_78' title='bbox 548 739 676 781; x_wconf 85' lang='lat' dir='ltr'><strong>euntis</strong></span> <span class='ocrx_word' id='word_1_79' title='bbox 700 746 768 780; x_wconf 87' lang='lat' dir='ltr'><strong>aut</strong></span> <span class='ocrx_word' id='word_1_80' title='bbox 787 753 928 780; x_wconf 88' lang='lat' dir='ltr'><strong>cursus</strong></span> <span class='ocrx_word' id='word_1_81' title='bbox 949 739 1054 781; x_wconf 83' lang='lat' dir='ltr'><strong>aeris</strong></span> <span class='ocrx_word' id='word_1_82' title='bbox 1077 739 1207 794; x_wconf 86' lang='lat' dir='ltr'><strong>aliquo</strong></span> <span class='ocrx_word' id='word_1_83' title='bbox 1234 739 1483 781; x_wconf 74' lang='lat' dir='ltr'><strong>concitatior.</strong></span> <span class='ocrx_word' id='word_1_84' title='bbox 1524 738 1622 784; x_wconf 89' lang='lat' dir='ltr'><strong>Scio</strong></span> 
     </span>
     <span class='ocr_line' id='line_1_10' title="bbox 121 802 1653 864; baseline -0.001 -15"><span class='ocrx_word' id='word_1_85' title='bbox 121 823 128 827; x_wconf 58' lang='grc'><strong>“</strong></span> <span class='ocrx_word' id='word_1_86' title='bbox 173 807 264 864; x_wconf 74' lang='lat' dir='ltr'><strong>quid</strong></span> <span class='ocrx_word' id='word_1_87' title='bbox 286 806 518 864; x_wconf 79' lang='lat' dir='ltr'><strong>responderi</strong></span> <span class='ocrx_word' id='word_1_88' title='bbox 541 820 611 863; x_wconf 84' lang='lat' dir='ltr'><strong>pro</strong></span> <span class='ocrx_word' id='word_1_89' title='bbox 641 802 868 847; x_wconf 76' lang='lat' dir='ltr'><strong>definitione</strong></span> <span class='ocrx_word' id='word_1_90' title='bbox 889 806 1016 848; x_wconf 80' lang='lat' dir='ltr'><strong>altera</strong></span> <span class='ocrx_word' id='word_1_91' title='bbox 1037 806 1179 862; x_wconf 83' lang='lat' dir='ltr'><strong>possit.</strong></span> <span class='ocrx_word' id='word_1_92' title='bbox 1241 806 1347 862; x_wconf 84' lang='lat' dir='ltr'><strong>Quid</strong></span> <span class='ocrx_word' id='word_1_93' title='bbox 1369 821 1536 850; x_wconf 87' lang='lat' dir='ltr'><strong>necesse</strong></span> <span class='ocrx_word' id='word_1_94' title='bbox 1558 814 1620 850; x_wconf 88' lang='lat' dir='ltr'><strong>est</strong></span> <span class='ocrx_word' id='word_1_95' title='bbox 1635 821 1653 848; x_wconf 73' lang='lat'>⁴</span> 
     </span>
     <span class='ocr_line' id='line_1_11' title="bbox 171 870 1622 930; baseline 0.001 -13"><span class='ocrx_word' id='word_1_96' title='bbox 171 875 328 917; x_wconf 81' lang='lat' dir='ltr'><strong>adicere</strong></span> <span class='ocrx_word' id='word_1_97' title='bbox 348 881 413 927; x_wconf 81' lang='lat' dir='ltr'><strong>te,</strong></span> <span class='ocrx_word' id='word_1_98' title='bbox 452 874 494 915; x_wconf 88' lang='lat' dir='ltr'><strong>in</strong></span> <span class='ocrx_word' id='word_1_99' title='bbox 520 887 636 915; x_wconf 82' lang='lat' dir='ltr'><strong>unam</strong></span> <span class='ocrx_word' id='word_1_100' title='bbox 657 880 806 929; x_wconf 81' lang='lat' dir='ltr'><strong>partem</strong></span> <span class='ocrx_word' id='word_1_101' title='bbox 829 870 955 914; x_wconf 85' lang='lat' dir='ltr'><strong>fluens</strong></span> <span class='ocrx_word' id='word_1_102' title='bbox 978 874 1079 915; x_wconf 75' lang='lat' dir='ltr'><strong>aer?</strong></span> <span class='ocrx_word' id='word_1_103' title='bbox 1123 872 1265 929; x_wconf 83' lang='lat' dir='ltr'><strong>Utique</strong></span> <span class='ocrx_word' id='word_1_104' title='bbox 1288 874 1392 916; x_wconf 89' lang='lat' dir='ltr'><strong>enim</strong></span> <span class='ocrx_word' id='word_1_105' title='bbox 1412 876 1515 930; x_wconf 92' lang='lat' dir='ltr'><strong>quod</strong></span> <span class='ocrx_word' id='word_1_106' title='bbox 1535 876 1622 918; x_wconf 90' lang='lat' dir='ltr'><strong>fluit</strong></span> 
     </span>
     <span class='ocr_line' id='line_1_12' title="bbox 171 940 1622 998; baseline 0.001 -14"><span class='ocrx_word' id='word_1_107' title='bbox 171 942 212 984; x_wconf 87' lang='lat' dir='ltr'><strong>in</strong></span> <span class='ocrx_word' id='word_1_108' title='bbox 236 955 354 984; x_wconf 79' lang='lat' dir='ltr'><strong>unam</strong></span> <span class='ocrx_word' id='word_1_109' title='bbox 374 948 526 998; x_wconf 82' lang='lat' dir='ltr'><strong>partem</strong></span> <span class='ocrx_word' id='word_1_110' title='bbox 550 941 650 983; x_wconf 66' lang='lat' dir='ltr'><strong>fluit.</strong></span> <span class='ocrx_word' id='word_1_111' title='bbox 708 940 841 983; x_wconf 89' lang='lat' dir='ltr'><strong>Nemo</strong></span> <span class='ocrx_word' id='word_1_112' title='bbox 865 955 1008 996; x_wconf 80' lang='lat' dir='ltr'><strong>aquam</strong></span> <span class='ocrx_word' id='word_1_113' title='bbox 1032 941 1156 983; x_wconf 80' lang='lat' dir='ltr'><strong>fluere</strong></span> <span class='ocrx_word' id='word_1_114' title='bbox 1183 941 1301 994; x_wconf 87' lang='lat' dir='ltr'><strong>dicit,</strong></span> <span class='ocrx_word' id='word_1_115' title='bbox 1331 941 1366 984; x_wconf 91' lang='lat' dir='ltr'><strong>si</strong></span> <span class='ocrx_word' id='word_1_116' title='bbox 1387 949 1538 984; x_wconf 82' lang='lat' dir='ltr'><strong>tautum</strong></span> <span class='ocrx_word' id='word_1_117' title='bbox 1559 943 1622 985; x_wconf 87' lang='lat' dir='ltr'><strong>in-</strong></span> 
     </span>
     <span class='ocr_line' id='line_1_13' title="bbox 173 999 1622 1065; baseline 0.001 -14"><span class='ocrx_word' id='word_1_118' title='bbox 173 1017 234 1051; x_wconf 79' lang='lat' dir='ltr'><strong>tm</strong></span> <span class='ocrx_word' id='word_1_119' title='bbox 254 1023 299 1051; x_wconf 84' lang='lat' dir='ltr'><strong>sc</strong></span> <span class='ocrx_word' id='word_1_120' title='bbox 323 1012 530 1062; x_wconf 70' lang='lat' dir='ltr'><strong>mouetur,</strong></span> <span class='ocrx_word' id='word_1_121' title='bbox 553 999 638 1051; x_wconf 51' lang='lat' dir='ltr'><strong>¹sed</strong></span> <span class='ocrx_word' id='word_1_122' title='bbox 663 1009 698 1050; x_wconf 90' lang='lat' dir='ltr'><strong>si</strong></span> <span class='ocrx_word' id='word_1_123' title='bbox 721 1009 852 1064; x_wconf 82' lang='lat' dir='ltr'><strong>aliquo</strong></span> <span class='ocrx_word' id='word_1_124' title='bbox 880 1010 1020 1050; x_wconf 82' lang='lat' dir='ltr'><strong>fertur.</strong></span> <span class='ocrx_word' id='word_1_125' title='bbox 1079 1007 1219 1050; x_wconf 84' lang='lat' dir='ltr'><strong>Potest</strong></span> <span class='ocrx_word' id='word_1_126' title='bbox 1244 1023 1340 1064; x_wconf 82' lang='lat' dir='ltr'><strong>ergo</strong></span> <span class='ocrx_word' id='word_1_127' title='bbox 1363 1010 1508 1065; x_wconf 83' lang='lat' dir='ltr'><strong>aliquid</strong></span> <span class='ocrx_word' id='word_1_128' title='bbox 1537 1026 1622 1053; x_wconf 90' lang='lat' dir='ltr'><strong>mo-</strong></span> 
     </span>
     <span class='ocr_line' id='line_1_14' title="bbox 172 1076 1693 1136; baseline 0.002 -18"><span class='ocrx_word' id='word_1_129' title='bbox 172 1076 260 1119; x_wconf 85' lang='lat' dir='ltr'><strong>ueri</strong></span> <span class='ocrx_word' id='word_1_130' title='bbox 280 1084 322 1119; x_wconf 88' lang='lat' dir='ltr'><strong>et</strong></span> <span class='ocrx_word' id='word_1_131' title='bbox 342 1090 422 1118; x_wconf 86' lang='lat' dir='ltr'><strong>non</strong></span> <span class='ocrx_word' id='word_1_132' title='bbox 441 1076 589 1119; x_wconf 83' lang='lat' dir='ltr'><strong>flucre:</strong></span> <span class='ocrx_word' id='word_1_133' title='bbox 616 1084 663 1118; x_wconf 48' lang='lat' dir='ltr'><strong>»et</strong></span> <span class='ocrx_word' id='word_1_134' title='bbox 681 1090 702 1118; x_wconf 93' lang='lat' dir='ltr'><strong>e</strong></span> <span class='ocrx_word' id='word_1_135' title='bbox 723 1076 922 1118; x_wconf 78' lang='lat' dir='ltr'><strong>contrario</strong></span> <span class='ocrx_word' id='word_1_136' title='bbox 944 1090 1025 1118; x_wconf 89' lang='lat' dir='ltr'><strong>non</strong></span> <span class='ocrx_word' id='word_1_137' title='bbox 1051 1083 1181 1132; x_wconf 85' lang='lat' dir='ltr'><strong>potest</strong></span> <span class='ocrx_word' id='word_1_138' title='bbox 1202 1077 1326 1118; x_wconf 87' lang='lat' dir='ltr'><strong>fluere</strong></span> <span class='ocrx_word' id='word_1_139' title='bbox 1345 1077 1420 1119; x_wconf 88' lang='lat' dir='ltr'><strong>nisi</strong></span> <span class='ocrx_word' id='word_1_140' title='bbox 1440 1078 1482 1119; x_wconf 89' lang='lat' dir='ltr'><strong>in</strong></span> <span class='ocrx_word' id='word_1_141' title='bbox 1504 1092 1620 1120; x_wconf 83' lang='lat' dir='ltr'><strong>unam</strong></span> <span class='ocrx_word' id='word_1_142' title='bbox 1687 1132 1693 1136; x_wconf 15' lang='lat' dir='ltr'>N</span> 
     </span>
     <span class='ocr_line' id='line_1_15' title="bbox 172 1142 1622 1201; baseline 0.002 -15"><span class='ocrx_word' id='word_1_143' title='bbox 172 1151 338 1201; x_wconf 79' lang='lat' dir='ltr'><strong>partem.</strong></span> <span class='ocrx_word' id='word_1_144' title='bbox 399 1142 483 1186; x_wconf 90' lang='lat' dir='ltr'><strong>Sed</strong></span> <span class='ocrx_word' id='word_1_145' title='bbox 508 1144 596 1186; x_wconf 86' lang='lat' dir='ltr'><strong>siue</strong></span> <span class='ocrx_word' id='word_1_146' title='bbox 619 1144 717 1186; x_wconf 84' lang='lat' dir='ltr'><strong>haec</strong></span> <span class='ocrx_word' id='word_1_147' title='bbox 741 1144 918 1186; x_wconf 81' lang='lat' dir='ltr'><strong>breuitas</strong></span> <span class='ocrx_word' id='word_1_148' title='bbox 944 1143 1041 1186; x_wconf 80' lang='lat' dir='ltr'><strong>satis</strong></span> <span class='ocrx_word' id='word_1_149' title='bbox 1067 1157 1090 1184; x_wconf 85' lang='lat' dir='ltr'><strong>a</strong></span> <span class='ocrx_word' id='word_1_150' title='bbox 1113 1144 1309 1186; x_wconf 82' lang='lat' dir='ltr'><strong>calumnia</strong></span> <span class='ocrx_word' id='word_1_151' title='bbox 1327 1151 1410 1187; x_wconf 84' lang='lat' dir='ltr'><strong>tuta</strong></span> <span class='ocrx_word' id='word_1_152' title='bbox 1429 1153 1514 1201; x_wconf 88' lang='lat' dir='ltr'><strong>est,</strong></span> <span class='ocrx_word' id='word_1_153' title='bbox 1547 1147 1622 1189; x_wconf 83' lang='lat' dir='ltr'><strong>hac</strong></span> 
     </span>
     <span class='ocr_line' id='line_1_16' title="bbox 172 1206 1620 1269; baseline 0.002 -15"><span class='ocrx_word' id='word_1_154' title='bbox 172 1219 353 1254; x_wconf 76' lang='lat' dir='ltr'><strong>utamur:</strong></span> <span class='ocrx_word' id='word_1_155' title='bbox 385 1212 471 1254; x_wconf 88' lang='lat' dir='ltr'><strong>siue</strong></span> <span class='ocrx_word' id='word_1_156' title='bbox 493 1212 633 1268; x_wconf 84' lang='lat' dir='ltr'><strong>aliquis</strong></span> <span class='ocrx_word' id='word_1_157' title='bbox 651 1206 973 1269; x_wconf 81' lang='lat' dir='ltr'><strong>circumspectior</strong></span> <span class='ocrx_word' id='word_1_158' title='bbox 993 1218 1076 1264; x_wconf 86' lang='lat' dir='ltr'><strong>est,</strong></span> <span class='ocrx_word' id='word_1_159' title='bbox 1109 1212 1232 1254; x_wconf 89' lang='lat' dir='ltr'><strong>uerbo</strong></span> <span class='ocrx_word' id='word_1_160' title='bbox 1253 1227 1332 1254; x_wconf 90' lang='lat' dir='ltr'><strong>non</strong></span> <span class='ocrx_word' id='word_1_161' title='bbox 1354 1220 1488 1269; x_wconf 78' lang='lat' dir='ltr'><strong>parcat</strong></span> <span class='ocrx_word' id='word_1_162' title='bbox 1508 1215 1620 1257; x_wconf 90' lang='lat' dir='ltr'><strong>cuius</strong></span> 
     </span>
     <span class='ocr_line' id='line_1_17' title="bbox 171 1279 1620 1338; baseline 0.003 -17"><span class='ocrx_word' id='word_1_163' title='bbox 171 1279 343 1321; x_wconf 81' lang='lat' dir='ltr'><strong>adiectio</strong></span> <span class='ocrx_word' id='word_1_164' title='bbox 355 1279 646 1322; x_wconf 81' lang='lat' dir='ltr'><strong>cauillationem</strong></span> <span class='ocrx_word' id='word_1_165' title='bbox 664 1294 819 1322; x_wconf 88' lang='lat' dir='ltr'><strong>omnem</strong></span> <span class='ocrx_word' id='word_1_166' title='bbox 841 1279 986 1336; x_wconf 82' lang='lat' dir='ltr'><strong>poterit</strong></span> <span class='ocrx_word' id='word_1_167' title='bbox 1000 1279 1229 1321; x_wconf 87' lang='lat' dir='ltr'><strong>excludere.</strong></span> <span class='ocrx_word' id='word_1_168' title='bbox 1289 1279 1409 1322; x_wconf 89' lang='lat' dir='ltr'><strong>Nunc</strong></span> <span class='ocrx_word' id='word_1_169' title='bbox 1427 1282 1475 1323; x_wconf 82' lang='lat' dir='ltr'><strong>ad</strong></span> <span class='ocrx_word' id='word_1_170' title='bbox 1495 1282 1620 1338; x_wconf 77' lang='lat' dir='ltr'><strong>ipsam</strong></span> 
     </span>
     <span class='ocr_line' id='line_1_18' title="bbox 171 1347 1617 1404; baseline 0.003 -16"><span class='ocrx_word' id='word_1_171' title='bbox 171 1360 257 1389; x_wconf 80' lang='lat' dir='ltr'><strong>rem</strong></span> <span class='ocrx_word' id='word_1_172' title='bbox 294 1347 526 1389; x_wconf 80' lang='lat' dir='ltr'><strong>accedamus</strong></span> <span class='ocrx_word' id='word_1_173' title='bbox 540 1378 552 1399; x_wconf 89' lang='lat'>,</span> <span class='ocrx_word' id='word_1_174' title='bbox 605 1347 789 1403; x_wconf 83' lang='lat' dir='ltr'><strong>quoniam</strong></span> <span class='ocrx_word' id='word_1_175' title='bbox 829 1347 927 1388; x_wconf 88' lang='lat' dir='ltr'><strong>satis</strong></span> <span class='ocrx_word' id='word_1_176' title='bbox 968 1347 1016 1388; x_wconf 92' lang='lat' dir='ltr'><strong>de</strong></span> <span class='ocrx_word' id='word_1_177' title='bbox 1057 1347 1225 1389; x_wconf 82' lang='lat' dir='ltr'><strong>formula</strong></span> <span class='ocrx_word' id='word_1_178' title='bbox 1264 1347 1499 1404; x_wconf 68' lang='lat' dir='ltr'><strong>disputatum</strong></span> <span class='ocrx_word' id='word_1_179' title='bbox 1540 1358 1617 1393; x_wconf 88' lang='lat' dir='ltr'><strong>est.</strong></span> 
     </span>
    </p>
   </div>
   <div class='ocr_carea' id='block_1_3' title="bbox 917 1422 1621 1480">
    <p class='ocr_par' dir='ltr' id='par_1_3' title="bbox 917 1422 1621 1480">
     <span class='ocr_line' id='line_1_19' title="bbox 917 1422 1621 1480; baseline 0.007 -11"><span class='ocrx_word' id='word_1_180' title='bbox 917 1439 1070 1469; x_wconf 86' lang='lat' dir='ltr'><strong>cumscrib</strong></span> <span class='ocrx_word' id='word_1_181' title='bbox 1081 1439 1164 1470; x_wconf 77' lang='lat' dir='ltr'><strong>itur.</strong></span> <span class='ocrx_word' id='word_1_182' title='bbox 1211 1438 1374 1480; x_wconf 72' lang='lat' dir='ltr'><strong>G(cr.m)</strong></span> <span class='ocrx_word' id='word_1_183' title='bbox 1386 1454 1431 1467; x_wconf 88' lang='grc'><strong>.---</strong></span> <span class='ocrx_word' id='word_1_184' title='bbox 1443 1450 1462 1480; x_wconf 82' lang='lat' dir='ltr'>q</span> <span class='ocrx_word' id='word_1_185' title='bbox 1471 1422 1519 1473; x_wconf 87' lang='lat' dir='ltr'><strong>uo</strong></span> <span class='ocrx_word' id='word_1_186' title='bbox 1529 1442 1551 1473; x_wconf 88' lang='lat' dir='ltr'><strong>d</strong></span> <span class='ocrx_word' id='word_1_187' title='bbox 1573 1443 1621 1474; x_wconf 82' lang='lat' dir='ltr'><strong>ila</strong></span> 
     </span>
    </p>
   </div>
   <div class='ocr_carea' id='block_1_4' title="bbox 173 1416 1620 1527">
    <p class='ocr_par' dir='ltr' id='par_1_4' title="bbox 173 1416 1620 1527">
     <span class='ocr_line' id='line_1_20' title="bbox 173 1416 871 1478; baseline 0 -8"><span class='ocrx_word' id='word_1_188' title='bbox 173 1438 300 1471; x_wconf 73' lang='lat' dir='ltr'><strong>huius</strong></span> <span class='ocrx_word' id='word_1_189' title='bbox 321 1416 508 1478; x_wconf 69' lang='lat' dir='ltr'><strong>corpuscula</strong></span> <span class='ocrx_word' id='word_1_190' title='bbox 532 1439 716 1471; x_wconf 85' lang='lat' dir='ltr'><strong>minima.</strong></span> <span class='ocrx_word' id='word_1_191' title='bbox 766 1433 871 1470; x_wconf 73' lang='lat'><strong>(31³4.</strong></span> 
     </span>
     <span class='ocr_line' id='line_1_21' title="bbox 916 1482 1620 1527; baseline 0.01 -14"><span class='ocrx_word' id='word_1_192' title='bbox 916 1491 948 1514; x_wconf 86' lang='lat' dir='ltr'><strong>se</strong></span> <span class='ocrx_word' id='word_1_193' title='bbox 969 1484 1107 1523; x_wconf 71' lang='lat' dir='ltr'><strong>gesserit.</strong></span> <span class='ocrx_word' id='word_1_194' title='bbox 1155 1482 1235 1514; x_wconf 84' lang='lat' dir='ltr'><strong>B=</strong></span> <span class='ocrx_word' id='word_1_195' title='bbox 1262 1485 1375 1516; x_wconf 78' lang='lat' dir='ltr'><strong>Ventus</strong></span> <span class='ocrx_word' id='word_1_196' title='bbox 1397 1488 1442 1517; x_wconf 80' lang='lat' dir='ltr'><strong>est</strong></span> <span class='ocrx_word' id='word_1_197' title='bbox 1463 1486 1564 1527; x_wconf 73' lang='lat' dir='ltr'><strong>fluens</strong></span> <span class='ocrx_word' id='word_1_198' title='bbox 1586 1488 1620 1520; x_wconf 86' lang='lat' dir='ltr'><strong>in</strong></span> 
     </span>
    </p>
   </div>
   <div class='ocr_carea' id='block_1_5' title="bbox 175 1481 871 1524">
    <p class='ocr_par' dir='ltr' id='par_1_5' title="bbox 175 1481 871 1524">
     <span class='ocr_line' id='line_1_22' title="bbox 175 1481 871 1524; baseline 0.001 -10"><span class='ocrx_word' id='word_1_199' title='bbox 175 1481 248 1515; x_wconf 75' lang='lat'><strong>(201.</strong></span> <span class='ocrx_word' id='word_1_200' title='bbox 268 1482 355 1515; x_wconf 69' lang='grc' dir='ltr'><strong>ὅσοι.</strong></span> <span class='ocrx_word' id='word_1_201' title='bbox 367 1484 564 1516; x_wconf 77' lang='lat' dir='ltr'><strong>=videmus</strong></span> <span class='ocrx_word' id='word_1_202' title='bbox 585 1483 770 1524; x_wconf 79' lang='lat' dir='ltr'><strong>corpuscula</strong></span> <span class='ocrx_word' id='word_1_203' title='bbox 793 1484 846 1515; x_wconf 84' lang='lat' dir='ltr'><strong>mi</strong></span> <span class='ocrx_word' id='word_1_204' title='bbox 857 1500 871 1507; x_wconf 88' lang='lat'>-</span> 
     </span>
    </p>
   </div>
   <div class='ocr_carea' id='block_1_6' title="bbox 166 1527 873 2830">
    <p class='ocr_par' dir='ltr' id='par_1_6' title="bbox 171 1527 873 1749">
     <span class='ocr_line' id='line_1_23' title="bbox 171 1527 871 1568; baseline -0.001 -8"><span class='ocrx_word' id='word_1_205' title='bbox 171 1529 302 1560; x_wconf 76' lang='lat' dir='ltr'><strong>nima.</strong></span> <span class='ocrx_word' id='word_1_206' title='bbox 347 1528 381 1563; x_wconf 67' lang='grc' dir='ltr'><strong>Β</strong></span> <span class='ocrx_word' id='word_1_207' title='bbox 401 1542 448 1556; x_wconf 88' lang='lat'>=</span> <span class='ocrx_word' id='word_1_208' title='bbox 466 1529 500 1561; x_wconf 88' lang='lat' dir='ltr'><strong>in</strong></span> <span class='ocrx_word' id='word_1_209' title='bbox 528 1529 682 1560; x_wconf 83' lang='lat' dir='ltr'><strong>adversa</strong></span> <span class='ocrx_word' id='word_1_210' title='bbox 705 1529 791 1568; x_wconf 72' lang='lat' dir='ltr'><strong>ferri.</strong></span> <span class='ocrx_word' id='word_1_211' title='bbox 841 1527 871 1559; x_wconf 89' lang='lat' dir='ltr'><strong>G</strong></span> 
     </span>
     <span class='ocr_line' id='line_1_24' title="bbox 173 1573 873 1614; baseline -0.001 -9"><span class='ocrx_word' id='word_1_212' title='bbox 173 1586 219 1600; x_wconf 92' lang='lat'><strong>--=</strong></span> <span class='ocrx_word' id='word_1_213' title='bbox 237 1574 273 1607; x_wconf 84' lang='lat' dir='ltr'><strong>in</strong></span> <span class='ocrx_word' id='word_1_214' title='bbox 305 1574 475 1606; x_wconf 75' lang='lat' dir='ltr'><strong>adversum</strong></span> <span class='ocrx_word' id='word_1_215' title='bbox 505 1574 523 1614; x_wconf 76' lang='lat' dir='ltr'>s</span> <span class='ocrx_word' id='word_1_216' title='bbox 528 1574 624 1605; x_wconf 83' lang='lat' dir='ltr'><strong>ieri.</strong></span> <span class='ocrx_word' id='word_1_217' title='bbox 668 1573 715 1604; x_wconf 85' lang='lat' dir='ltr'><strong>Ee</strong></span> <span class='ocrx_word' id='word_1_218' title='bbox 737 1587 784 1600; x_wconf 89' lang='lat'>=</span> <span class='ocrx_word' id='word_1_219' title='bbox 805 1575 873 1605; x_wconf 84' lang='lat' dir='ltr'><strong>alia</strong></span> 
     </span>
     <span class='ocr_line' id='line_1_25' title="bbox 172 1619 872 1660; baseline -0.001 -10"><span class='ocrx_word' id='word_1_220' title='bbox 172 1626 301 1660; x_wconf 77' lang='lat' dir='ltr'><strong>sursum</strong></span> <span class='ocrx_word' id='word_1_221' title='bbox 333 1620 424 1651; x_wconf 83' lang='lat' dir='ltr'><strong>varie</strong></span> <span class='ocrx_word' id='word_1_222' title='bbox 457 1619 705 1651; x_wconf 75' lang='lat' dir='ltr'><strong>concurrentia</strong></span> <span class='ocrx_word' id='word_1_223' title='bbox 748 1627 768 1649; x_wconf 89' lang='lat' dir='ltr'><strong>a</strong></span> <span class='ocrx_word' id='word_1_224' title='bbox 780 1621 872 1658; x_wconf 80' lang='lat' dir='ltr'><strong>ique</strong></span> 
     </span>
     <span class='ocr_line' id='line_1_26' title="bbox 172 1661 873 1706; baseline 0 -11"><span class='ocrx_word' id='word_1_225' title='bbox 172 1664 328 1696; x_wconf 62' lang='lat' dir='ltr'><strong>deorsum</strong></span> <span class='ocrx_word' id='word_1_226' title='bbox 350 1661 441 1706; x_wconf 86' lang='lat' dir='ltr'><strong>quod</strong></span> <span class='ocrx_word' id='word_1_227' title='bbox 455 1662 589 1695; x_wconf 83' lang='lat' dir='ltr'><strong>videtur</strong></span> <span class='ocrx_word' id='word_1_228' title='bbox 608 1662 681 1694; x_wconf 81' lang='lat' dir='ltr'><strong>fere</strong></span> <span class='ocrx_word' id='word_1_229' title='bbox 703 1661 873 1705; x_wconf 86' lang='lat' dir='ltr'><strong>recipien-</strong></span> 
     </span>
     <span class='ocr_line' id='line_1_27' title="bbox 173 1706 838 1749; baseline 0 -10"><span class='ocrx_word' id='word_1_230' title='bbox 173 1706 273 1747; x_wconf 83' lang='lat' dir='ltr'><strong>dum,</strong></span> <span class='ocrx_word' id='word_1_231' title='bbox 297 1707 400 1740; x_wconf 86' lang='lat' dir='ltr'><strong>modo</strong></span> <span class='ocrx_word' id='word_1_232' title='bbox 421 1711 514 1749; x_wconf 77' lang='lat' dir='ltr'><strong>atque</strong></span> <span class='ocrx_word' id='word_1_233' title='bbox 535 1713 683 1740; x_wconf 82' lang='lat' dir='ltr'><strong>mutetur</strong></span> <span class='ocrx_word' id='word_1_234' title='bbox 702 1706 736 1739; x_wconf 92' lang='lat' dir='ltr'><strong>in</strong></span> <span class='ocrx_word' id='word_1_235' title='bbox 761 1709 838 1739; x_wconf 81' lang='lat' dir='ltr'><strong>alia.</strong></span> 
     </span>
    </p>

    <p class='ocr_par' dir='ltr' id='par_1_7' title="bbox 166 1751 872 2064">
     <span class='ocr_line' id='line_1_28' title="bbox 218 1751 870 1794; baseline -0.002 -8"><span class='ocrx_word' id='word_1_236' title='bbox 218 1754 303 1794; x_wconf 67' lang='lat' dir='ltr'><strong>Eryo</strong></span> <span class='ocrx_word' id='word_1_237' title='bbox 323 1756 366 1786; x_wconf 77' lang='lat' dir='ltr'><strong>ut</strong></span> <span class='ocrx_word' id='word_1_238' title='bbox 385 1762 503 1794; x_wconf 77' lang='lat' dir='ltr'><strong>parum</strong></span> <span class='ocrx_word' id='word_1_239' title='bbox 515 1768 562 1782; x_wconf 87' lang='lat'><strong>==</strong></span> <span class='ocrx_word' id='word_1_240' title='bbox 575 1753 619 1784; x_wconf 83' lang='lat' dir='ltr'><strong>Ee</strong></span> <span class='ocrx_word' id='word_1_241' title='bbox 630 1751 688 1784; x_wconf 80' lang='lat'><strong>1³3.</strong></span> <span class='ocrx_word' id='word_1_242' title='bbox 703 1751 776 1784; x_wconf 87' lang='lat' dir='ltr'><strong>Col.</strong></span> <span class='ocrx_word' id='word_1_243' title='bbox 793 1752 870 1785; x_wconf 93' lang='lat' dir='ltr'><strong>cod.</strong></span> 
     </span>
     <span class='ocr_line' id='line_1_29' title="bbox 174 1797 815 1842; baseline 0 -12"><span class='ocrx_word' id='word_1_244' title='bbox 174 1799 255 1841; x_wconf 81' lang='lat' dir='ltr'><strong>Ops.</strong></span> <span class='ocrx_word' id='word_1_245' title='bbox 276 1797 381 1834; x_wconf 60' lang='lat'><strong>8232.</strong></span> <span class='ocrx_word' id='word_1_246' title='bbox 405 1798 552 1842; x_wconf 84' lang='lat' dir='ltr'><strong>probant</strong></span> <span class='ocrx_word' id='word_1_247' title='bbox 573 1797 669 1829; x_wconf 83' lang='lat' dir='ltr'><strong>Grut.</strong></span> <span class='ocrx_word' id='word_1_248' title='bbox 689 1799 815 1841; x_wconf 86' lang='lat' dir='ltr'><strong>Opsop.</strong></span> 
     </span>
     <span class='ocr_line' id='line_1_30' title="bbox 171 1842 870 1878; baseline -0.003 0"><span class='ocrx_word' id='word_1_249' title='bbox 171 1842 233 1874; x_wconf 78' lang='lat' dir='ltr'><strong>BG</strong></span> <span class='ocrx_word' id='word_1_250' title='bbox 246 1842 308 1878; x_wconf 54' lang='grc'><strong>61·</strong></span> <span class='ocrx_word' id='word_1_251' title='bbox 321 1866 360 1878; x_wconf 69' lang='lat'><strong>000</strong></span> <span class='ocrx_word' id='word_1_252' title='bbox 370 1843 440 1878; x_wconf 56' lang='lat' dir='ltr'><strong>mle</strong></span> <span class='ocrx_word' id='word_1_253' title='bbox 451 1844 509 1878; x_wconf 60' lang='lat' dir='ltr'><strong>mu</strong></span> <span class='ocrx_word' id='word_1_254' title='bbox 521 1844 555 1878; x_wconf 55' lang='grc' dir='ltr'><strong>επ</strong></span> <span class='ocrx_word' id='word_1_255' title='bbox 567 1861 603 1868; x_wconf 76' lang='lat'><strong>“-</strong></span> <span class='ocrx_word' id='word_1_256' title='bbox 621 1846 665 1874; x_wconf 62' lang='grc' dir='ltr'><strong>υἷ-</strong></span> <span class='ocrx_word' id='word_1_257' title='bbox 695 1844 718 1874; x_wconf 81' lang='lat' dir='ltr'>B</span> <span class='ocrx_word' id='word_1_258' title='bbox 730 1858 776 1872; x_wconf 89' lang='lat'>=</span> <span class='ocrx_word' id='word_1_259' title='bbox 786 1853 870 1876; x_wconf 76' lang='lat' dir='ltr'><em>Com·</em></span> 
     </span>
     <span class='ocr_line' id='line_1_31' title="bbox 166 1886 872 1929; baseline 0 -8"><span class='ocrx_word' id='word_1_260' title='bbox 166 1889 383 1928; x_wconf 75' lang='lat' dir='ltr'><strong>prehendent.</strong></span> <span class='ocrx_word' id='word_1_261' title='bbox 443 1888 474 1920; x_wconf 88' lang='lat' dir='ltr'><strong>G</strong></span> <span class='ocrx_word' id='word_1_262' title='bbox 486 1886 587 1924; x_wconf 54' lang='lat'><strong>2351.</strong></span> <span class='ocrx_word' id='word_1_263' title='bbox 608 1902 654 1916; x_wconf 90' lang='lat'>=</span> <span class='ocrx_word' id='word_1_264' title='bbox 673 1890 872 1929; x_wconf 78' lang='lat' dir='ltr'><strong>comprehen-</strong></span> 
     </span>
     <span class='ocr_line' id='line_1_32' title="bbox 171 1933 870 1976; baseline -0.001 -10"><span class='ocrx_word' id='word_1_265' title='bbox 171 1934 243 1966; x_wconf 76' lang='lat' dir='ltr'><strong>dit.</strong></span> <span class='ocrx_word' id='word_1_266' title='bbox 289 1934 315 1965; x_wconf 89' lang='lat' dir='ltr'>B</span> <span class='ocrx_word' id='word_1_267' title='bbox 329 1934 424 1976; x_wconf 68' lang='lat' dir='ltr'><strong>(sm)</strong></span> <span class='ocrx_word' id='word_1_268' title='bbox 438 1935 548 1974; x_wconf 80' lang='lat' dir='ltr'><strong>—qui</strong></span> <span class='ocrx_word' id='word_1_269' title='bbox 569 1939 647 1964; x_wconf 80' lang='lat' dir='ltr'><strong>aute</strong></span> <span class='ocrx_word' id='word_1_270' title='bbox 665 1935 790 1966; x_wconf 76' lang='lat' dir='ltr'><strong>dixerit.</strong></span> <span class='ocrx_word' id='word_1_271' title='bbox 838 1933 870 1965; x_wconf 89' lang='lat' dir='ltr'>G</span> 
     </span>
     <span class='ocr_line' id='line_1_33' title="bbox 171 1979 870 2020; baseline 0 -10"><span class='ocrx_word' id='word_1_272' title='bbox 171 1979 287 2020; x_wconf 68' lang='lat' dir='ltr'><strong>(mm)</strong></span> <span class='ocrx_word' id='word_1_273' title='bbox 299 1980 334 2014; x_wconf 66' lang='grc' dir='ltr'><strong>Β</strong></span> <span class='ocrx_word' id='word_1_274' title='bbox 345 1996 391 2003; x_wconf 89' lang='grc'><strong>-</strong></span> <span class='ocrx_word' id='word_1_275' title='bbox 401 1980 530 2011; x_wconf 76' lang='lat' dir='ltr'><strong>Fluctus</strong></span> <span class='ocrx_word' id='word_1_276' title='bbox 551 1982 595 2010; x_wconf 76' lang='lat' dir='ltr'><strong>est</strong></span> <span class='ocrx_word' id='word_1_277' title='bbox 617 1981 718 2011; x_wconf 75' lang='lat' dir='ltr'><strong>utaris</strong></span> <span class='ocrx_word' id='word_1_278' title='bbox 738 1980 870 2019; x_wconf 70' lang='lat' dir='ltr'><strong>agitatio</strong></span> 
     </span>
     <span class='ocr_line' id='line_1_34' title="bbox 173 2024 722 2064; baseline 0.002 -10"><span class='ocrx_word' id='word_1_279' title='bbox 173 2047 180 2054; x_wconf 94' lang='lat'><strong>.</strong></span> <span class='ocrx_word' id='word_1_280' title='bbox 193 2045 202 2055; x_wconf 85' lang='lat'><strong>.</strong></span> <span class='ocrx_word' id='word_1_281' title='bbox 217 2047 226 2056; x_wconf 89' lang='lat'><strong>.</strong></span> <span class='ocrx_word' id='word_1_282' title='bbox 249 2025 339 2056; x_wconf 80' lang='lat' dir='ltr'><strong>cuius</strong></span> <span class='ocrx_word' id='word_1_283' title='bbox 360 2025 437 2056; x_wconf 78' lang='lat' dir='ltr'><strong>haec</strong></span> <span class='ocrx_word' id='word_1_284' title='bbox 458 2024 597 2064; x_wconf 78' lang='lat' dir='ltr'><strong>definitio</strong></span> <span class='ocrx_word' id='word_1_285' title='bbox 618 2025 722 2064; x_wconf 73' lang='lat' dir='ltr'><strong>fuerit.</strong></span> 
     </span>
    </p>

    <p class='ocr_par' dir='ltr' id='par_1_8' title="bbox 166 2066 870 2290">
     <span class='ocr_line' id='line_1_35' title="bbox 214 2066 870 2109; baseline 0 -9"><span class='ocrx_word' id='word_1_286' title='bbox 214 2066 248 2101; x_wconf 87' lang='grc'><strong>3.</strong></span> <span class='ocrx_word' id='word_1_287' title='bbox 270 2069 320 2100; x_wconf 86' lang='lat' dir='ltr'><strong>Ee</strong></span> <span class='ocrx_word' id='word_1_288' title='bbox 339 2086 385 2092; x_wconf 96' lang='lat'>—</span> <span class='ocrx_word' id='word_1_289' title='bbox 404 2070 481 2109; x_wconf 81' lang='lat' dir='ltr'><strong>quia</strong></span> <span class='ocrx_word' id='word_1_290' title='bbox 511 2069 717 2109; x_wconf 78' lang='lat' dir='ltr'><strong>tranquillum</strong></span> <span class='ocrx_word' id='word_1_291' title='bbox 750 2078 870 2109; x_wconf 79' lang='lat' dir='ltr'><strong>quoque</strong></span> 
     </span>
     <span class='ocr_line' id='line_1_36' title="bbox 172 2115 869 2154; baseline 0.001 -10"><span class='ocrx_word' id='word_1_292' title='bbox 172 2136 181 2144; x_wconf 89' lang='lat'><strong>.</strong></span> <span class='ocrx_word' id='word_1_293' title='bbox 196 2135 205 2144; x_wconf 94' lang='lat'><strong>.</strong></span> <span class='ocrx_word' id='word_1_294' title='bbox 220 2136 229 2145; x_wconf 90' lang='lat'><strong>.</strong></span> <span class='ocrx_word' id='word_1_295' title='bbox 250 2115 378 2146; x_wconf 71' lang='lat' dir='ltr'><strong>mucius</strong></span> <span class='ocrx_word' id='word_1_296' title='bbox 408 2117 453 2146; x_wconf 79' lang='lat' dir='ltr'><strong>est</strong></span> <span class='ocrx_word' id='word_1_297' title='bbox 483 2116 584 2146; x_wconf 84' lang='lat' dir='ltr'><strong>maris</strong></span> <span class='ocrx_word' id='word_1_298' title='bbox 615 2115 649 2146; x_wconf 85' lang='lat' dir='ltr'><strong>in</strong></span> <span class='ocrx_word' id='word_1_299' title='bbox 672 2123 770 2146; x_wconf 88' lang='lat' dir='ltr'><strong>unam</strong></span> <span class='ocrx_word' id='word_1_300' title='bbox 790 2123 869 2154; x_wconf 84' lang='lat' dir='ltr'><strong>par-</strong></span> 
     </span>
     <span class='ocr_line' id='line_1_37' title="bbox 170 2158 867 2200; baseline 0 -10"><span class='ocrx_word' id='word_1_301' title='bbox 170 2162 232 2190; x_wconf 79' lang='lat' dir='ltr'><strong>tem</strong></span> <span class='ocrx_word' id='word_1_302' title='bbox 253 2159 410 2200; x_wconf 47' lang='lat' dir='ltr'><strong>agitatius</strong></span> <span class='ocrx_word' id='word_1_303' title='bbox 441 2158 619 2191; x_wconf 83' lang='lat' dir='ltr'><strong>B=cuius</strong></span> <span class='ocrx_word' id='word_1_304' title='bbox 640 2159 717 2190; x_wconf 81' lang='lat' dir='ltr'><strong>haec</strong></span> <span class='ocrx_word' id='word_1_305' title='bbox 738 2159 867 2199; x_wconf 72' lang='lat' dir='ltr'><strong>diffe-</strong></span> 
     </span>
     <span class='ocr_line' id='line_1_38' title="bbox 167 2199 867 2244; baseline 0 -9"><span class='ocrx_word' id='word_1_306' title='bbox 167 2204 312 2236; x_wconf 66' lang='lat' dir='ltr'><strong>rentia</strong></span> <span class='ocrx_word' id='word_1_307' title='bbox 334 2199 438 2244; x_wconf 73' lang='lat' dir='ltr'><strong>fuerit.</strong></span> <span class='ocrx_word' id='word_1_308' title='bbox 482 2204 551 2236; x_wconf 85' lang='lat' dir='ltr'><strong>mG</strong></span> <span class='ocrx_word' id='word_1_309' title='bbox 570 2217 617 2232; x_wconf 89' lang='lat'>=</span> <span class='ocrx_word' id='word_1_310' title='bbox 636 2205 710 2244; x_wconf 81' lang='lat' dir='ltr'><strong>qui</strong></span> <span class='ocrx_word' id='word_1_311' title='bbox 742 2204 867 2235; x_wconf 79' lang='lat' dir='ltr'><strong>diaee-</strong></span> 
     </span>
     <span class='ocr_line' id='line_1_39' title="bbox 166 2248 475 2290; baseline 0.003 -10"><span class='ocrx_word' id='word_1_312' title='bbox 166 2248 250 2290; x_wconf 78' lang='lat' dir='ltr'><strong>rit,</strong></span> <span class='ocrx_word' id='word_1_313' title='bbox 271 2249 400 2281; x_wconf 80' lang='lat' dir='ltr'><strong>Fluctus</strong></span> <span class='ocrx_word' id='word_1_314' title='bbox 421 2251 475 2281; x_wconf 74' lang='lat' dir='ltr'><strong>esi.</strong></span> 
     </span>
    </p>

    <p class='ocr_par' dir='ltr' id='par_1_9' title="bbox 166 2294 871 2830">
     <span class='ocr_line' id='line_1_40' title="bbox 211 2294 868 2335; baseline -0.002 -9"><span class='ocrx_word' id='word_1_315' title='bbox 211 2295 258 2326; x_wconf 84' lang='lat' dir='ltr'><strong>sic</strong></span> <span class='ocrx_word' id='word_1_316' title='bbox 278 2295 312 2326; x_wconf 83' lang='lat' dir='ltr'><strong>in</strong></span> <span class='ocrx_word' id='word_1_317' title='bbox 334 2294 394 2326; x_wconf 81' lang='lat' dir='ltr'><strong>hac</strong></span> <span class='ocrx_word' id='word_1_318' title='bbox 412 2303 447 2327; x_wconf 82' lang='lat' dir='ltr'><strong>re</strong></span> <span class='ocrx_word' id='word_1_319' title='bbox 479 2303 605 2335; x_wconf 82' lang='lat' dir='ltr'><strong>quam</strong></span> <span class='ocrx_word' id='word_1_320' title='bbox 633 2303 704 2326; x_wconf 85' lang='lat' dir='ltr'><strong>cum</strong></span> <span class='ocrx_word' id='word_1_321' title='bbox 727 2295 868 2325; x_wconf 74' lang='lat' dir='ltr'><strong>maxime</strong></span> 
     </span>
     <span class='ocr_line' id='line_1_41' title="bbox 166 2339 867 2379; baseline -0.003 -8"><span class='ocrx_word' id='word_1_322' title='bbox 166 2340 348 2379; x_wconf 74' lang='lat' dir='ltr'><strong>quaerimus</strong></span> <span class='ocrx_word' id='word_1_323' title='bbox 367 2353 412 2367; x_wconf 90' lang='lat'><em>=</em></span> <span class='ocrx_word' id='word_1_324' title='bbox 435 2339 511 2374; x_wconf 62' lang='lat' dir='ltr'><strong>EQ.</strong></span> <span class='ocrx_word' id='word_1_325' title='bbox 582 2350 600 2371; x_wconf 86' lang='lat' dir='ltr'><strong>e</strong></span> <span class='ocrx_word' id='word_1_326' title='bbox 619 2353 666 2367; x_wconf 91' lang='lat'>=</span> <span class='ocrx_word' id='word_1_327' title='bbox 684 2340 729 2370; x_wconf 88' lang='lat' dir='ltr'><strong>sic</strong></span> <span class='ocrx_word' id='word_1_328' title='bbox 751 2341 786 2370; x_wconf 84' lang='lat' dir='ltr'><strong>in</strong></span> <span class='ocrx_word' id='word_1_329' title='bbox 807 2340 867 2370; x_wconf 82' lang='lat' dir='ltr'><strong>hac</strong></span> 
     </span>
     <span class='ocr_line' id='line_1_42' title="bbox 167 2385 867 2424; baseline -0.001 -9"><span class='ocrx_word' id='word_1_330' title='bbox 167 2392 203 2415; x_wconf 84' lang='lat' dir='ltr'><strong>re</strong></span> <span class='ocrx_word' id='word_1_331' title='bbox 222 2392 384 2424; x_wconf 79' lang='lat' dir='ltr'><strong>quoque</strong></span> <span class='ocrx_word' id='word_1_332' title='bbox 415 2393 487 2416; x_wconf 88' lang='lat' dir='ltr'><strong>cum</strong></span> <span class='ocrx_word' id='word_1_333' title='bbox 514 2386 654 2416; x_wconf 75' lang='lat' dir='ltr'><strong>maxime</strong></span> <span class='ocrx_word' id='word_1_334' title='bbox 676 2385 867 2423; x_wconf 79' lang='lat' dir='ltr'><strong>quaerimus.</strong></span> 
     </span>
     <span class='ocr_line' id='line_1_43' title="bbox 170 2428 866 2469; baseline -0.001 -9"><span class='ocrx_word' id='word_1_335' title='bbox 170 2428 314 2460; x_wconf 76' lang='lat' dir='ltr'><strong>B=sic</strong></span> <span class='ocrx_word' id='word_1_336' title='bbox 327 2430 361 2460; x_wconf 80' lang='lat' dir='ltr'><strong>in</strong></span> <span class='ocrx_word' id='word_1_337' title='bbox 383 2429 444 2460; x_wconf 78' lang='lat' dir='ltr'><strong>hac</strong></span> <span class='ocrx_word' id='word_1_338' title='bbox 467 2438 624 2469; x_wconf 84' lang='lat' dir='ltr'><strong>quoque</strong></span> <span class='ocrx_word' id='word_1_339' title='bbox 646 2437 742 2468; x_wconf 82' lang='lat' dir='ltr'><strong>quam</strong></span> <span class='ocrx_word' id='word_1_340' title='bbox 758 2437 866 2459; x_wconf 86' lang='lat' dir='ltr'><strong>nunc</strong></span> 
     </span>
     <span class='ocr_line' id='line_1_44' title="bbox 168 2472 868 2514; baseline -0.001 -9"><span class='ocrx_word' id='word_1_341' title='bbox 168 2474 308 2505; x_wconf 64' lang='lat' dir='ltr'><strong>uiae-ime</strong></span> <span class='ocrx_word' id='word_1_342' title='bbox 339 2474 532 2513; x_wconf 79' lang='lat' dir='ltr'><strong>quaerimus.</strong></span> <span class='ocrx_word' id='word_1_343' title='bbox 588 2473 619 2504; x_wconf 89' lang='lat' dir='ltr'>G</span> <span class='ocrx_word' id='word_1_344' title='bbox 638 2472 739 2514; x_wconf 77' lang='lat' dir='ltr'><strong>(lit.)</strong></span> <span class='ocrx_word' id='word_1_345' title='bbox 757 2486 804 2500; x_wconf 90' lang='lat'>=</span> <span class='ocrx_word' id='word_1_346' title='bbox 823 2473 868 2504; x_wconf 86' lang='lat' dir='ltr'><strong>sic</strong></span> 
     </span>
     <span class='ocr_line' id='line_1_45' title="bbox 170 2518 870 2559; baseline -0.003 -9"><span class='ocrx_word' id='word_1_347' title='bbox 170 2527 309 2559; x_wconf 81' lang='lat' dir='ltr'><strong>quoqu</strong></span> <span class='ocrx_word' id='word_1_348' title='bbox 319 2527 335 2550; x_wconf 85' lang='lat' dir='ltr'><strong>e</strong></span> <span class='ocrx_word' id='word_1_349' title='bbox 352 2519 387 2550; x_wconf 79' lang='lat' dir='ltr'><strong>in</strong></span> <span class='ocrx_word' id='word_1_350' title='bbox 401 2519 462 2550; x_wconf 77' lang='lat' dir='ltr'><strong>hac</strong></span> <span class='ocrx_word' id='word_1_351' title='bbox 482 2526 516 2550; x_wconf 86' lang='lat' dir='ltr'><strong>re</strong></span> <span class='ocrx_word' id='word_1_352' title='bbox 533 2527 630 2558; x_wconf 80' lang='lat' dir='ltr'><strong>quam</strong></span> <span class='ocrx_word' id='word_1_353' title='bbox 644 2527 715 2549; x_wconf 88' lang='lat' dir='ltr'><strong>cum</strong></span> <span class='ocrx_word' id='word_1_354' title='bbox 729 2518 870 2549; x_wconf 78' lang='lat' dir='ltr'><strong>maxime</strong></span> 
     </span>
     <span class='ocr_line' id='line_1_46' title="bbox 166 2562 871 2604; baseline 0 -10"><span class='ocrx_word' id='word_1_355' title='bbox 166 2565 357 2604; x_wconf 75' lang='lat' dir='ltr'><strong>quaerimus.</strong></span> <span class='ocrx_word' id='word_1_356' title='bbox 406 2562 592 2598; x_wconf 56' lang='lat' dir='ltr'><strong>(31.==sic</strong></span> <span class='ocrx_word' id='word_1_357' title='bbox 614 2564 647 2595; x_wconf 85' lang='lat' dir='ltr'><strong>in</strong></span> <span class='ocrx_word' id='word_1_358' title='bbox 670 2564 730 2595; x_wconf 84' lang='lat' dir='ltr'><strong>hac</strong></span> <span class='ocrx_word' id='word_1_359' title='bbox 765 2572 799 2594; x_wconf 86' lang='lat' dir='ltr'><strong>re</strong></span> <span class='ocrx_word' id='word_1_360' title='bbox 823 2563 871 2594; x_wconf 84' lang='lat' dir='ltr'><strong>de</strong></span> 
     </span>
     <span class='ocr_line' id='line_1_47' title="bbox 169 2607 866 2649; baseline 0.001 -9"><span class='ocrx_word' id='word_1_361' title='bbox 169 2617 188 2649; x_wconf 81' lang='lat' dir='ltr'>q</span> <span class='ocrx_word' id='word_1_362' title='bbox 197 2617 220 2639; x_wconf 92' lang='lat' dir='ltr'><strong>u</strong></span> <span class='ocrx_word' id='word_1_363' title='bbox 229 2616 251 2639; x_wconf 81' lang='lat' dir='ltr'><strong>a</strong></span> <span class='ocrx_word' id='word_1_364' title='bbox 266 2618 288 2640; x_wconf 86' lang='lat' dir='ltr'><strong>n</strong></span> <span class='ocrx_word' id='word_1_365' title='bbox 297 2617 319 2640; x_wconf 90' lang='lat' dir='ltr'><strong>u</strong></span> <span class='ocrx_word' id='word_1_366' title='bbox 329 2618 350 2640; x_wconf 88' lang='lat' dir='ltr'><strong>n</strong></span> <span class='ocrx_word' id='word_1_367' title='bbox 360 2617 377 2640; x_wconf 86' lang='grc' dir='ltr'><strong>σ</strong></span> <span class='ocrx_word' id='word_1_368' title='bbox 389 2609 529 2640; x_wconf 72' lang='lat' dir='ltr'><strong>maxime</strong></span> <span class='ocrx_word' id='word_1_369' title='bbox 540 2610 730 2648; x_wconf 80' lang='lat' dir='ltr'><strong>quaerimus.</strong></span> <span class='ocrx_word' id='word_1_370' title='bbox 754 2607 818 2642; x_wconf 52' lang='lat'><strong>52.</strong></span> <span class='ocrx_word' id='word_1_371' title='bbox 829 2629 866 2642; x_wconf 62' lang='lat'><strong>..-</strong></span> 
     </span>
     <span class='ocr_line' id='line_1_48' title="bbox 168 2654 867 2694; baseline -0.004 -7"><span class='ocrx_word' id='word_1_372' title='bbox 168 2654 203 2687; x_wconf 63' lang='grc' dir='ltr'><strong>(ᾗ</strong></span> <span class='ocrx_word' id='word_1_373' title='bbox 219 2666 266 2681; x_wconf 86' lang='lat'><strong>==</strong></span> <span class='ocrx_word' id='word_1_374' title='bbox 285 2654 339 2685; x_wconf 85' lang='lat' dir='ltr'><strong>Sic</strong></span> <span class='ocrx_word' id='word_1_375' title='bbox 360 2655 393 2685; x_wconf 86' lang='lat' dir='ltr'><strong>in</strong></span> <span class='ocrx_word' id='word_1_376' title='bbox 417 2654 477 2686; x_wconf 78' lang='lat' dir='ltr'><strong>hac</strong></span> <span class='ocrx_word' id='word_1_377' title='bbox 498 2663 618 2694; x_wconf 82' lang='lat' dir='ltr'><strong>quoque</strong></span> <span class='ocrx_word' id='word_1_378' title='bbox 638 2662 690 2692; x_wconf 87' lang='lat' dir='ltr'><strong>re,</strong></span> <span class='ocrx_word' id='word_1_379' title='bbox 714 2654 761 2684; x_wconf 87' lang='lat' dir='ltr'><strong>de</strong></span> <span class='ocrx_word' id='word_1_380' title='bbox 784 2661 867 2693; x_wconf 82' lang='lat' dir='ltr'><strong>qua</strong></span> 
     </span>
     <span class='ocr_line' id='line_1_49' title="bbox 168 2698 867 2738; baseline 0.003 -8"><span class='ocrx_word' id='word_1_381' title='bbox 168 2707 280 2731; x_wconf 86' lang='lat' dir='ltr'><strong>nunc</strong></span> <span class='ocrx_word' id='word_1_382' title='bbox 304 2700 444 2730; x_wconf 72' lang='lat' dir='ltr'><strong>maxime</strong></span> <span class='ocrx_word' id='word_1_383' title='bbox 466 2700 656 2738; x_wconf 74' lang='lat' dir='ltr'><strong>quaerimus.</strong></span> <span class='ocrx_word' id='word_1_384' title='bbox 704 2698 750 2732; x_wconf 67' lang='lat' dir='ltr'><strong>fflt</strong></span> <span class='ocrx_word' id='word_1_385' title='bbox 763 2720 774 2732; x_wconf 81' lang='grc'><strong>.</strong></span> <span class='ocrx_word' id='word_1_386' title='bbox 787 2721 796 2731; x_wconf 83' lang='grc'><strong>.</strong></span> <span class='ocrx_word' id='word_1_387' title='bbox 810 2721 821 2732; x_wconf 77' lang='lat'><strong>.</strong></span> <span class='ocrx_word' id='word_1_388' title='bbox 834 2698 867 2732; x_wconf 70' lang='lat' dir='ltr'><strong>st</strong></span> 
     </span>
     <span class='ocr_line' id='line_1_50' title="bbox 168 2744 866 2784; baseline -0.003 -8"><span class='ocrx_word' id='word_1_389' title='bbox 168 2757 215 2772; x_wconf 93' lang='lat'>=</span> <span class='ocrx_word' id='word_1_390' title='bbox 236 2745 291 2776; x_wconf 81' lang='lat' dir='ltr'><strong>Sic</strong></span> <span class='ocrx_word' id='word_1_391' title='bbox 322 2745 356 2776; x_wconf 81' lang='lat' dir='ltr'><strong>in</strong></span> <span class='ocrx_word' id='word_1_392' title='bbox 385 2745 445 2776; x_wconf 79' lang='lat' dir='ltr'><strong>hac</strong></span> <span class='ocrx_word' id='word_1_393' title='bbox 471 2752 590 2784; x_wconf 80' lang='lat' dir='ltr'><strong>quoque</strong></span> <span class='ocrx_word' id='word_1_394' title='bbox 621 2752 673 2783; x_wconf 86' lang='lat' dir='ltr'><strong>re,</strong></span> <span class='ocrx_word' id='word_1_395' title='bbox 707 2744 752 2775; x_wconf 84' lang='lat' dir='ltr'><strong>de</strong></span> <span class='ocrx_word' id='word_1_396' title='bbox 784 2752 866 2783; x_wconf 82' lang='lat' dir='ltr'><strong>qua</strong></span> 
     </span>
     <span class='ocr_line' id='line_1_51' title="bbox 168 2788 866 2830; baseline -0.003 -8"><span class='ocrx_word' id='word_1_397' title='bbox 168 2791 379 2822; x_wconf 70' lang='lat' dir='ltr'><strong>cummaxime</strong></span> <span class='ocrx_word' id='word_1_398' title='bbox 399 2790 589 2830; x_wconf 77' lang='lat' dir='ltr'><strong>quaerimus.</strong></span> <span class='ocrx_word' id='word_1_399' title='bbox 609 2788 785 2822; x_wconf 83' lang='lat' dir='ltr'><strong>Ee==non</strong></span> <span class='ocrx_word' id='word_1_400' title='bbox 805 2790 866 2820; x_wconf 83' lang='lat' dir='ltr'><strong>cir-</strong></span> 
     </span>
    </p>
   </div>
   <div class='ocr_carea' id='block_1_7' title="bbox 909 1531 1617 2832">
    <p class='ocr_par' dir='ltr' id='par_1_10' title="bbox 915 1531 1246 1568">
     <span class='ocr_line' id='line_1_52' title="bbox 915 1531 1246 1568; baseline 0.006 -9"><span class='ocrx_word' id='word_1_401' title='bbox 915 1537 1015 1559; x_wconf 86' lang='lat' dir='ltr'><strong>unam</strong></span> <span class='ocrx_word' id='word_1_402' title='bbox 1034 1531 1159 1568; x_wconf 79' lang='lat' dir='ltr'><strong>partem</strong></span> <span class='ocrx_word' id='word_1_403' title='bbox 1180 1538 1246 1561; x_wconf 80' lang='lat' dir='ltr'><strong>aer.</strong></span> 
     </span>
    </p>

    <p class='ocr_par' dir='ltr' id='par_1_11' title="bbox 912 1570 1617 1964">
     <span class='ocr_line' id='line_1_53' title="bbox 962 1570 1617 1614; baseline 0.009 -10"><span class='ocrx_word' id='word_1_404' title='bbox 962 1570 1083 1605; x_wconf 73' lang='lat' dir='ltr'><strong>autaei·</strong></span> <span class='ocrx_word' id='word_1_405' title='bbox 1097 1575 1197 1614; x_wconf 80' lang='lat' dir='ltr'><strong>fluens</strong></span> <span class='ocrx_word' id='word_1_406' title='bbox 1219 1575 1382 1614; x_wconf 80' lang='lat' dir='ltr'><strong>inpeiu=</strong></span> <span class='ocrx_word' id='word_1_407' title='bbox 1392 1575 1468 1608; x_wconf 85' lang='lat' dir='ltr'><strong>BEe</strong></span> <span class='ocrx_word' id='word_1_408' title='bbox 1480 1576 1617 1610; x_wconf 86' lang='lat' dir='ltr'><strong>Memm.</strong></span> 
     </span>
     <span class='ocr_line' id='line_1_54' title="bbox 916 1616 1615 1658; baseline 0.009 -10"><span class='ocrx_word' id='word_1_409' title='bbox 916 1616 1030 1649; x_wconf 78' lang='lat' dir='ltr'><strong>Nicot.</strong></span> <span class='ocrx_word' id='word_1_410' title='bbox 1102 1618 1132 1649; x_wconf 88' lang='lat' dir='ltr'><strong>G</strong></span> <span class='ocrx_word' id='word_1_411' title='bbox 1146 1617 1203 1651; x_wconf 79' lang='lat'><strong>1³3.</strong></span> <span class='ocrx_word' id='word_1_412' title='bbox 1217 1617 1250 1651; x_wconf 80' lang='lat'><strong>4.</strong></span> <span class='ocrx_word' id='word_1_413' title='bbox 1262 1621 1295 1655; x_wconf 63' lang='lat'><strong>258</strong></span> <span class='ocrx_word' id='word_1_414' title='bbox 1321 1624 1356 1658; x_wconf 75' lang='grc' dir='ltr'><strong>-Ι-</strong></span> <span class='ocrx_word' id='word_1_415' title='bbox 1381 1623 1438 1652; x_wconf 77' lang='lat' dir='ltr'><strong>aut</strong></span> <span class='ocrx_word' id='word_1_416' title='bbox 1470 1631 1526 1654; x_wconf 85' lang='lat' dir='ltr'><strong>aer</strong></span> <span class='ocrx_word' id='word_1_417' title='bbox 1557 1626 1615 1654; x_wconf 81' lang='lat' dir='ltr'><strong>est</strong></span> 
     </span>
     <span class='ocr_line' id='line_1_55' title="bbox 916 1663 1616 1702; baseline 0.011 -9"><span class='ocrx_word' id='word_1_418' title='bbox 916 1663 1016 1702; x_wconf 72' lang='lat' dir='ltr'><strong>fluens</strong></span> <span class='ocrx_word' id='word_1_419' title='bbox 1030 1663 1158 1702; x_wconf 75' lang='lat' dir='ltr'><strong>impetu.</strong></span> <span class='ocrx_word' id='word_1_420' title='bbox 1181 1663 1275 1696; x_wconf 82' lang='lat' dir='ltr'><strong>Auic.</strong></span> <span class='ocrx_word' id='word_1_421' title='bbox 1287 1665 1371 1698; x_wconf 86' lang='lat' dir='ltr'><strong>Scal.</strong></span> <span class='ocrx_word' id='word_1_422' title='bbox 1382 1666 1505 1698; x_wconf 86' lang='lat' dir='ltr'><strong>Trono.</strong></span> <span class='ocrx_word' id='word_1_423' title='bbox 1521 1666 1616 1701; x_wconf 85' lang='lat' dir='ltr'><strong>Chifl.</strong></span> 
     </span>
     <span class='ocr_line' id='line_1_56' title="bbox 921 1710 1614 1752; baseline 0.009 -15"><span class='ocrx_word' id='word_1_424' title='bbox 921 1710 956 1745; x_wconf 59' lang='grc' dir='ltr'><strong>-ι-</strong></span> <span class='ocrx_word' id='word_1_425' title='bbox 982 1710 1038 1739; x_wconf 84' lang='lat' dir='ltr'><strong>aut</strong></span> <span class='ocrx_word' id='word_1_426' title='bbox 1071 1710 1134 1739; x_wconf 77' lang='lat' dir='ltr'><strong>esi</strong></span> <span class='ocrx_word' id='word_1_427' title='bbox 1167 1718 1222 1742; x_wconf 87' lang='lat' dir='ltr'><strong>aer</strong></span> <span class='ocrx_word' id='word_1_428' title='bbox 1245 1711 1344 1751; x_wconf 77' lang='lat' dir='ltr'><strong>fluens</strong></span> <span class='ocrx_word' id='word_1_429' title='bbox 1365 1712 1493 1752; x_wconf 75' lang='lat' dir='ltr'><strong>impetu.</strong></span> <span class='ocrx_word' id='word_1_430' title='bbox 1541 1711 1614 1744; x_wconf 86' lang='lat' dir='ltr'><strong>Col.</strong></span> 
     </span>
     <span class='ocr_line' id='line_1_57' title="bbox 917 1750 1614 1792; baseline 0.01 -10"><span class='ocrx_word' id='word_1_431' title='bbox 917 1751 997 1792; x_wconf 87' lang='lat' dir='ltr'><strong>„hic</strong></span> <span class='ocrx_word' id='word_1_432' title='bbox 1019 1750 1140 1784; x_wconf 85' lang='lat' dir='ltr'><strong>lineam</strong></span> <span class='ocrx_word' id='word_1_433' title='bbox 1165 1753 1344 1787; x_wconf 84' lang='lat' dir='ltr'><strong>transilit.“</strong></span> <span class='ocrx_word' id='word_1_434' title='bbox 1392 1755 1456 1791; x_wconf 60' lang='lat'><strong>(51.</strong></span> <span class='ocrx_word' id='word_1_435' title='bbox 1469 1777 1480 1790; x_wconf 80' lang='grc'><strong>.</strong></span> <span class='ocrx_word' id='word_1_436' title='bbox 1493 1778 1504 1791; x_wconf 76' lang='grc'><strong>.</strong></span> <span class='ocrx_word' id='word_1_437' title='bbox 1518 1779 1531 1792; x_wconf 75' lang='grc'><strong>.</strong></span> <span class='ocrx_word' id='word_1_438' title='bbox 1544 1756 1614 1792; x_wconf 61' lang='lat'><strong>331.</strong></span> 
     </span>
     <span class='ocr_line' id='line_1_58' title="bbox 916 1797 1615 1843; baseline 0.004 -11"><span class='ocrx_word' id='word_1_439' title='bbox 916 1797 1069 1836; x_wconf 54' lang='lat' dir='ltr'><strong>{Rufi—{—</strong></span> <span class='ocrx_word' id='word_1_440' title='bbox 1086 1801 1141 1829; x_wconf 79' lang='lat' dir='ltr'><strong>aut</strong></span> <span class='ocrx_word' id='word_1_441' title='bbox 1168 1801 1322 1832; x_wconf 80' lang='lat' dir='ltr'><strong>Ventus</strong></span> <span class='ocrx_word' id='word_1_442' title='bbox 1344 1810 1400 1833; x_wconf 87' lang='lat' dir='ltr'><strong>aer</strong></span> <span class='ocrx_word' id='word_1_443' title='bbox 1431 1805 1492 1833; x_wconf 81' lang='lat' dir='ltr'><strong>est</strong></span> <span class='ocrx_word' id='word_1_444' title='bbox 1514 1803 1615 1843; x_wconf 74' lang='lat' dir='ltr'><strong>fluens</strong></span> 
     </span>
     <span class='ocr_line' id='line_1_59' title="bbox 913 1843 1613 1887; baseline 0.007 -13"><span class='ocrx_word' id='word_1_445' title='bbox 913 1844 1043 1882; x_wconf 75' lang='lat' dir='ltr'><strong>impetu.</strong></span> <span class='ocrx_word' id='word_1_446' title='bbox 1078 1843 1158 1874; x_wconf 89' lang='lat' dir='ltr'><strong>B=</strong></span> <span class='ocrx_word' id='word_1_447' title='bbox 1169 1846 1201 1876; x_wconf 87' lang='lat' dir='ltr'><strong>in</strong></span> <span class='ocrx_word' id='word_1_448' title='bbox 1222 1854 1320 1877; x_wconf 86' lang='lat' dir='ltr'><strong>unam</strong></span> <span class='ocrx_word' id='word_1_449' title='bbox 1333 1849 1458 1886; x_wconf 78' lang='lat' dir='ltr'><strong>partem</strong></span> <span class='ocrx_word' id='word_1_450' title='bbox 1479 1847 1613 1887; x_wconf 72' lang='lat' dir='ltr'><strong>fluen-</strong></span> 
     </span>
     <span class='ocr_line' id='line_1_60' title="bbox 914 1889 1614 1933; baseline 0.009 -14"><span class='ocrx_word' id='word_1_451' title='bbox 914 1890 979 1919; x_wconf 83' lang='lat' dir='ltr'><strong>tis.</strong></span> <span class='ocrx_word' id='word_1_452' title='bbox 1025 1889 1051 1919; x_wconf 95' lang='lat' dir='ltr'>B</span> <span class='ocrx_word' id='word_1_453' title='bbox 1067 1902 1114 1916; x_wconf 87' lang='lat'>=</span> <span class='ocrx_word' id='word_1_454' title='bbox 1127 1898 1188 1930; x_wconf 79' lang='lat' dir='ltr'><strong>pro</strong></span> <span class='ocrx_word' id='word_1_455' title='bbox 1209 1891 1312 1922; x_wconf 78' lang='lat' dir='ltr'><strong>altera</strong></span> <span class='ocrx_word' id='word_1_456' title='bbox 1333 1892 1520 1933; x_wconf 72' lang='lat' dir='ltr'><strong>diffinitione</strong></span> <span class='ocrx_word' id='word_1_457' title='bbox 1539 1902 1614 1933; x_wconf 78' lang='lat' dir='ltr'><strong>pos-</strong></span> 
     </span>
     <span class='ocr_line' id='line_1_61' title="bbox 912 1934 963 1964; baseline 0 0"><span class='ocrx_word' id='word_1_458' title='bbox 912 1934 963 1964; x_wconf 84' lang='lat' dir='ltr'><strong>sit.</strong></span> 
     </span>
    </p>

    <p class='ocr_par' dir='ltr' id='par_1_12' title="bbox 911 1973 1615 2290">
     <span class='ocr_line' id='line_1_62' title="bbox 959 1973 1614 2022; baseline 0.009 -13"><span class='ocrx_word' id='word_1_459' title='bbox 959 1973 992 2010; x_wconf 83' lang='lat'><strong>4.</strong></span> <span class='ocrx_word' id='word_1_460' title='bbox 1019 1978 1139 2011; x_wconf 81' lang='lat' dir='ltr'><strong>B=ie</strong></span> <span class='ocrx_word' id='word_1_461' title='bbox 1162 1981 1286 2012; x_wconf 83' lang='lat' dir='ltr'><strong>adicere</strong></span> <span class='ocrx_word' id='word_1_462' title='bbox 1307 1982 1340 2013; x_wconf 87' lang='lat' dir='ltr'><strong>in</strong></span> <span class='ocrx_word' id='word_1_463' title='bbox 1370 1991 1470 2014; x_wconf 88' lang='lat' dir='ltr'><strong>unam</strong></span> <span class='ocrx_word' id='word_1_464' title='bbox 1491 1986 1614 2022; x_wconf 80' lang='lat' dir='ltr'><strong>partem</strong></span> 
     </span>
     <span class='ocr_line' id='line_1_63' title="bbox 913 2024 1615 2068; baseline 0.009 -14"><span class='ocrx_word' id='word_1_465' title='bbox 913 2024 1071 2064; x_wconf 74' lang='lat' dir='ltr'><strong>effluens</strong></span> <span class='ocrx_word' id='word_1_466' title='bbox 1092 2034 1157 2057; x_wconf 86' lang='lat' dir='ltr'><strong>aer.</strong></span> <span class='ocrx_word' id='word_1_467' title='bbox 1202 2026 1228 2056; x_wconf 85' lang='lat' dir='ltr'>B</span> <span class='ocrx_word' id='word_1_468' title='bbox 1242 2027 1405 2067; x_wconf 80' lang='lat' dir='ltr'><strong>=uiique</strong></span> <span class='ocrx_word' id='word_1_469' title='bbox 1425 2029 1509 2059; x_wconf 81' lang='lat' dir='ltr'><strong>enim</strong></span> <span class='ocrx_word' id='word_1_470' title='bbox 1530 2029 1615 2068; x_wconf 78' lang='lat' dir='ltr'><strong>quod</strong></span> 
     </span>
     <span class='ocr_line' id='line_1_64' title="bbox 911 2069 1614 2108; baseline 0.007 -8"><span class='ocrx_word' id='word_1_471' title='bbox 911 2069 1035 2108; x_wconf 78' lang='lat' dir='ltr'><strong>pluit.</strong></span> <span class='ocrx_word' id='word_1_472' title='bbox 1081 2070 1114 2104; x_wconf 71' lang='lat' dir='ltr'><strong>{B</strong></span> <span class='ocrx_word' id='word_1_473' title='bbox 1138 2088 1181 2094; x_wconf 87' lang='lat'><strong>—</strong></span> <span class='ocrx_word' id='word_1_474' title='bbox 1201 2072 1294 2102; x_wconf 82' lang='lat' dir='ltr'><strong>enim.</strong></span> <span class='ocrx_word' id='word_1_475' title='bbox 1342 2072 1369 2102; x_wconf 91' lang='lat' dir='ltr'>B</span> <span class='ocrx_word' id='word_1_476' title='bbox 1388 2086 1433 2100; x_wconf 90' lang='lat'>=</span> <span class='ocrx_word' id='word_1_477' title='bbox 1452 2073 1549 2104; x_wconf 76' lang='lat' dir='ltr'><strong>inter</strong></span> <span class='ocrx_word' id='word_1_478' title='bbox 1581 2082 1614 2105; x_wconf 84' lang='lat' dir='ltr'><strong>se</strong></span> 
     </span>
     <span class='ocr_line' id='line_1_65' title="bbox 912 2114 1612 2156; baseline 0.009 -12"><span class='ocrx_word' id='word_1_479' title='bbox 912 2116 1062 2146; x_wconf 73' lang='lat' dir='ltr'><strong>movetur.</strong></span> <span class='ocrx_word' id='word_1_480' title='bbox 1109 2114 1174 2149; x_wconf 58' lang='lat'><strong>(³23</strong></span> <span class='ocrx_word' id='word_1_481' title='bbox 1195 2129 1242 2143; x_wconf 94' lang='lat'><strong><em>=</em></strong></span> <span class='ocrx_word' id='word_1_482' title='bbox 1262 2116 1374 2156; x_wconf 75' lang='lat' dir='ltr'><strong>infra</strong></span> <span class='ocrx_word' id='word_1_483' title='bbox 1404 2127 1437 2150; x_wconf 84' lang='lat' dir='ltr'><strong>se</strong></span> <span class='ocrx_word' id='word_1_484' title='bbox 1459 2120 1612 2150; x_wconf 74' lang='lat' dir='ltr'><strong>mvetur.</strong></span> 
     </span>
     <span class='ocr_line' id='line_1_66' title="bbox 914 2159 1612 2203; baseline 0.009 -15"><span class='ocrx_word' id='word_1_485' title='bbox 914 2159 961 2189; x_wconf 83' lang='lat' dir='ltr'><strong>Ee</strong></span> <span class='ocrx_word' id='word_1_486' title='bbox 976 2161 1011 2196; x_wconf 68' lang='grc' dir='ltr'><strong>-ι-</strong></span> <span class='ocrx_word' id='word_1_487' title='bbox 1027 2159 1132 2200; x_wconf 80' lang='lat' dir='ltr'><strong>aliquo</strong></span> <span class='ocrx_word' id='word_1_488' title='bbox 1153 2160 1246 2192; x_wconf 86' lang='lat' dir='ltr'><strong>loco</strong></span> <span class='ocrx_word' id='word_1_489' title='bbox 1267 2161 1376 2201; x_wconf 74' lang='lat' dir='ltr'><strong>fertur.</strong></span> <span class='ocrx_word' id='word_1_490' title='bbox 1412 2161 1612 2203; x_wconf 80' lang='lat' dir='ltr'><strong>mG=pa-</strong></span> 
     </span>
     <span class='ocr_line' id='line_1_67' title="bbox 912 2206 1613 2244; baseline 0.009 -10"><span class='ocrx_word' id='word_1_491' title='bbox 912 2206 969 2235; x_wconf 81' lang='lat' dir='ltr'><strong>iet</strong></span> <span class='ocrx_word' id='word_1_492' title='bbox 989 2212 1063 2244; x_wconf 76' lang='lat' dir='ltr'><strong>crya</strong></span> <span class='ocrx_word' id='word_1_493' title='bbox 1085 2206 1209 2244; x_wconf 81' lang='lat' dir='ltr'><strong>aliquid</strong></span> <span class='ocrx_word' id='word_1_494' title='bbox 1231 2208 1361 2238; x_wconf 73' lang='lat' dir='ltr'><strong>numeri.</strong></span> <span class='ocrx_word' id='word_1_495' title='bbox 1405 2207 1432 2239; x_wconf 90' lang='lat' dir='ltr'>B</span> <span class='ocrx_word' id='word_1_496' title='bbox 1445 2222 1489 2236; x_wconf 88' lang='lat'><strong><em>=</em></strong></span> <span class='ocrx_word' id='word_1_497' title='bbox 1509 2209 1613 2241; x_wconf 73' lang='lat' dir='ltr'><strong>Potest</strong></span> 
     </span>
     <span class='ocr_line' id='line_1_68' title="bbox 911 2250 1317 2290; baseline 0.007 -10"><span class='ocrx_word' id='word_1_498' title='bbox 911 2250 1022 2280; x_wconf 84' lang='lat' dir='ltr'><strong>enim</strong></span> <span class='ocrx_word' id='word_1_499' title='bbox 1043 2250 1165 2290; x_wconf 83' lang='lat' dir='ltr'><strong>aliquid</strong></span> <span class='ocrx_word' id='word_1_500' title='bbox 1188 2253 1317 2282; x_wconf 81' lang='lat' dir='ltr'><strong>moveri.</strong></span> 
     </span>
    </p>

    <p class='ocr_par' dir='ltr' id='par_1_13' title="bbox 909 2296 1612 2472">
     <span class='ocr_line' id='line_1_69' title="bbox 957 2296 1585 2332; baseline 0.01 -7"><span class='ocrx_word' id='word_1_501' title='bbox 957 2296 994 2325; x_wconf 78' lang='lat' dir='ltr'><strong>ei</strong></span> <span class='ocrx_word' id='word_1_502' title='bbox 1017 2303 1032 2326; x_wconf 87' lang='lat' dir='ltr'><strong>e</strong></span> <span class='ocrx_word' id='word_1_503' title='bbox 1054 2297 1264 2327; x_wconf 82' lang='lat' dir='ltr'><strong>contrario=</strong></span> <span class='ocrx_word' id='word_1_504' title='bbox 1278 2296 1351 2328; x_wconf 86' lang='lat' dir='ltr'><strong>BEe</strong></span> <span class='ocrx_word' id='word_1_505' title='bbox 1362 2297 1430 2329; x_wconf 90' lang='lat' dir='ltr'><strong>mG</strong></span> <span class='ocrx_word' id='word_1_506' title='bbox 1441 2299 1475 2332; x_wconf 70' lang='lat'><strong>&gt;23</strong></span> <span class='ocrx_word' id='word_1_507' title='bbox 1487 2319 1525 2332; x_wconf 77' lang='lat'><strong>...</strong></span> <span class='ocrx_word' id='word_1_508' title='bbox 1539 2299 1585 2332; x_wconf 62' lang='lat'><strong>(5.</strong></span> 
     </span>
     <span class='ocr_line' id='line_1_70' title="bbox 914 2337 1611 2376; baseline 0.01 -8"><span class='ocrx_word' id='word_1_509' title='bbox 914 2337 944 2368; x_wconf 90' lang='lat' dir='ltr'><strong>G</strong></span> <span class='ocrx_word' id='word_1_510' title='bbox 961 2341 1048 2370; x_wconf 81' lang='lat' dir='ltr'><strong>=el</strong></span> <span class='ocrx_word' id='word_1_511' title='bbox 1070 2348 1086 2370; x_wconf 88' lang='lat' dir='ltr'><strong>e</strong></span> <span class='ocrx_word' id='word_1_512' title='bbox 1108 2342 1236 2371; x_wconf 82' lang='lat' dir='ltr'><strong>cerio.</strong></span> <span class='ocrx_word' id='word_1_513' title='bbox 1282 2341 1442 2376; x_wconf 47' lang='lat' dir='ltr'><strong>‘munst</strong></span> <span class='ocrx_word' id='word_1_514' title='bbox 1460 2357 1507 2370; x_wconf 86' lang='lat'>=</span> <span class='ocrx_word' id='word_1_515' title='bbox 1529 2345 1572 2374; x_wconf 77' lang='lat' dir='ltr'><strong>at</strong></span> <span class='ocrx_word' id='word_1_516' title='bbox 1595 2352 1611 2375; x_wconf 86' lang='lat' dir='ltr'><strong>e</strong></span> 
     </span>
     <span class='ocr_line' id='line_1_71' title="bbox 909 2384 1612 2429; baseline 0.009 -15"><span class='ocrx_word' id='word_1_517' title='bbox 909 2384 1076 2415; x_wconf 78' lang='lat' dir='ltr'><strong>contrario.</strong></span> <span class='ocrx_word' id='word_1_518' title='bbox 1101 2384 1135 2418; x_wconf 72' lang='lat' dir='ltr'><strong>§B</strong></span> <span class='ocrx_word' id='word_1_519' title='bbox 1148 2394 1264 2417; x_wconf 85' lang='lat' dir='ltr'><strong>—non</strong></span> <span class='ocrx_word' id='word_1_520' title='bbox 1288 2391 1366 2417; x_wconf 87' lang='lat' dir='ltr'><strong>ante</strong></span> <span class='ocrx_word' id='word_1_521' title='bbox 1386 2389 1486 2427; x_wconf 79' lang='lat' dir='ltr'><strong>potest</strong></span> <span class='ocrx_word' id='word_1_522' title='bbox 1507 2389 1612 2429; x_wconf 77' lang='lat' dir='ltr'><strong>fluere.</strong></span> 
     </span>
     <span class='ocr_line' id='line_1_72' title="bbox 913 2428 1564 2472; baseline 0.011 -14"><span class='ocrx_word' id='word_1_523' title='bbox 913 2428 944 2459; x_wconf 86' lang='lat' dir='ltr'><strong>G</strong></span> <span class='ocrx_word' id='word_1_524' title='bbox 958 2430 1086 2467; x_wconf 69' lang='lat' dir='ltr'><strong>(cnm)</strong></span> <span class='ocrx_word' id='word_1_525' title='bbox 1099 2443 1145 2455; x_wconf 91' lang='lat'><strong><em>=</em></strong></span> <span class='ocrx_word' id='word_1_526' title='bbox 1157 2439 1204 2460; x_wconf 91' lang='lat' dir='ltr'><strong>no</strong></span> <span class='ocrx_word' id='word_1_527' title='bbox 1214 2440 1235 2461; x_wconf 88' lang='lat' dir='ltr'><strong>n</strong></span> <span class='ocrx_word' id='word_1_528' title='bbox 1258 2431 1292 2462; x_wconf 86' lang='lat' dir='ltr'><strong>in</strong></span> <span class='ocrx_word' id='word_1_529' title='bbox 1312 2441 1411 2463; x_wconf 83' lang='lat' dir='ltr'><strong>unam</strong></span> <span class='ocrx_word' id='word_1_530' title='bbox 1430 2436 1564 2472; x_wconf 76' lang='lat' dir='ltr'><strong>partem.</strong></span> 
     </span>
    </p>

    <p class='ocr_par' dir='ltr' id='par_1_14' title="bbox 913 2473 1611 2600">
     <span class='ocr_line' id='line_1_73' title="bbox 960 2473 1609 2510; baseline 0.009 -6"><span class='ocrx_word' id='word_1_531' title='bbox 960 2473 1024 2504; x_wconf 88' lang='lat' dir='ltr'><strong>Sed</strong></span> <span class='ocrx_word' id='word_1_532' title='bbox 1047 2474 1135 2506; x_wconf 84' lang='lat' dir='ltr'><strong>sive</strong></span> <span class='ocrx_word' id='word_1_533' title='bbox 1158 2474 1235 2506; x_wconf 83' lang='lat' dir='ltr'><strong>haec</strong></span> <span class='ocrx_word' id='word_1_534' title='bbox 1257 2476 1392 2508; x_wconf 80' lang='lat' dir='ltr'><strong>brevitas</strong></span> <span class='ocrx_word' id='word_1_535' title='bbox 1409 2491 1454 2505; x_wconf 91' lang='lat'>=</span> <span class='ocrx_word' id='word_1_536' title='bbox 1481 2477 1535 2508; x_wconf 86' lang='lat' dir='ltr'><strong>BE</strong></span> <span class='ocrx_word' id='word_1_537' title='bbox 1550 2477 1609 2510; x_wconf 86' lang='lat' dir='ltr'><strong>Gr.</strong></span> 
     </span>
     <span class='ocr_line' id='line_1_74' title="bbox 914 2518 1611 2555; baseline 0.004 -3"><span class='ocrx_word' id='word_1_538' title='bbox 914 2518 1114 2553; x_wconf 50' lang='lat' dir='ltr'><strong>&amp;timu-51⁸.</strong></span> <span class='ocrx_word' id='word_1_539' title='bbox 1185 2519 1214 2551; x_wconf 86' lang='lat' dir='ltr'><strong>G</strong></span> <span class='ocrx_word' id='word_1_540' title='bbox 1235 2534 1282 2548; x_wconf 93' lang='lat'>=</span> <span class='ocrx_word' id='word_1_541' title='bbox 1301 2522 1365 2553; x_wconf 87' lang='lat' dir='ltr'><strong>Sed</strong></span> <span class='ocrx_word' id='word_1_542' title='bbox 1386 2523 1512 2555; x_wconf 81' lang='lat' dir='ltr'><strong>sinon</strong></span> <span class='ocrx_word' id='word_1_543' title='bbox 1535 2524 1611 2555; x_wconf 80' lang='lat' dir='ltr'><strong>haec</strong></span> 
     </span>
     <span class='ocr_line' id='line_1_75' title="bbox 913 2562 1611 2600; baseline 0.006 -4"><span class='ocrx_word' id='word_1_544' title='bbox 913 2564 1057 2595; x_wconf 79' lang='lat' dir='ltr'><strong>brevitas.</strong></span> <span class='ocrx_word' id='word_1_545' title='bbox 1106 2564 1138 2598; x_wconf 69' lang='lat'><strong>513</strong></span> <span class='ocrx_word' id='word_1_546' title='bbox 1203 2562 1261 2600; x_wconf 67' lang='lat'><strong>24.</strong></span> <span class='ocrx_word' id='word_1_547' title='bbox 1272 2581 1315 2594; x_wconf 92' lang='lat'><strong><em>=</em></strong></span> <span class='ocrx_word' id='word_1_548' title='bbox 1330 2567 1394 2598; x_wconf 87' lang='lat' dir='ltr'><strong>Sed</strong></span> <span class='ocrx_word' id='word_1_549' title='bbox 1411 2569 1447 2600; x_wconf 80' lang='lat' dir='ltr'><strong>si</strong></span> <span class='ocrx_word' id='word_1_550' title='bbox 1467 2568 1544 2600; x_wconf 78' lang='lat' dir='ltr'><strong>haec</strong></span> <span class='ocrx_word' id='word_1_551' title='bbox 1563 2569 1611 2600; x_wconf 84' lang='lat' dir='ltr'><strong>br.</strong></span> 
     </span>
    </p>

    <p class='ocr_par' dir='ltr' id='par_1_15' title="bbox 909 2610 1611 2832">
     <span class='ocr_line' id='line_1_76' title="bbox 957 2610 1575 2649; baseline 0.01 -10"><span class='ocrx_word' id='word_1_552' title='bbox 957 2610 1022 2640; x_wconf 84' lang='lat' dir='ltr'><strong>siv</strong></span> <span class='ocrx_word' id='word_1_553' title='bbox 1033 2618 1049 2640; x_wconf 87' lang='lat' dir='ltr'><strong>e</strong></span> <span class='ocrx_word' id='word_1_554' title='bbox 1069 2610 1185 2649; x_wconf 53' lang='lat' dir='ltr'><strong>alianis</strong></span> <span class='ocrx_word' id='word_1_555' title='bbox 1196 2624 1242 2638; x_wconf 92' lang='lat'>=</span> <span class='ocrx_word' id='word_1_556' title='bbox 1255 2612 1306 2643; x_wconf 86' lang='lat' dir='ltr'><strong>BE</strong></span> <span class='ocrx_word' id='word_1_557' title='bbox 1323 2611 1379 2643; x_wconf 88' lang='lat' dir='ltr'><strong>Gr.</strong></span> <span class='ocrx_word' id='word_1_558' title='bbox 1394 2613 1464 2647; x_wconf 59' lang='lat' dir='ltr'><strong>&amp;to</strong></span> <span class='ocrx_word' id='word_1_559' title='bbox 1528 2613 1575 2648; x_wconf 58' lang='lat' dir='ltr'><strong>R.</strong></span> 
     </span>
     <span class='ocr_line' id='line_1_77' title="bbox 911 2652 1610 2698; baseline 0.006 -11"><span class='ocrx_word' id='word_1_560' title='bbox 911 2653 944 2687; x_wconf 68' lang='lat'><strong>§8</strong></span> <span class='ocrx_word' id='word_1_561' title='bbox 959 2675 970 2688; x_wconf 72' lang='lat'><em>0</em></span> <span class='ocrx_word' id='word_1_562' title='bbox 984 2652 1205 2688; x_wconf 71' lang='lat' dir='ltr'><strong>..24.=si</strong></span> <span class='ocrx_word' id='word_1_563' title='bbox 1225 2665 1325 2689; x_wconf 87' lang='lat' dir='ltr'><strong>vero</strong></span> <span class='ocrx_word' id='word_1_564' title='bbox 1348 2658 1474 2698; x_wconf 77' lang='lat' dir='ltr'><strong>aliquis.</strong></span> <span class='ocrx_word' id='word_1_565' title='bbox 1522 2657 1610 2690; x_wconf 86' lang='lat' dir='ltr'><strong>G=</strong></span> 
     </span>
     <span class='ocr_line' id='line_1_78' title="bbox 911 2699 1611 2744; baseline 0.009 -14"><span class='ocrx_word' id='word_1_566' title='bbox 911 2699 975 2730; x_wconf 84' lang='lat' dir='ltr'><strong>sive</strong></span> <span class='ocrx_word' id='word_1_567' title='bbox 1013 2700 1121 2739; x_wconf 81' lang='lat' dir='ltr'><strong>aliqui</strong></span> <span class='ocrx_word' id='word_1_568' title='bbox 1131 2701 1164 2731; x_wconf 89' lang='lat' dir='ltr'><strong>d.</strong></span> <span class='ocrx_word' id='word_1_569' title='bbox 1214 2701 1240 2731; x_wconf 91' lang='lat' dir='ltr'>B</span> <span class='ocrx_word' id='word_1_570' title='bbox 1261 2716 1307 2729; x_wconf 93' lang='lat'>=</span> <span class='ocrx_word' id='word_1_571' title='bbox 1330 2711 1453 2735; x_wconf 85' lang='lat' dir='ltr'><strong>omnem</strong></span> <span class='ocrx_word' id='word_1_572' title='bbox 1482 2707 1611 2744; x_wconf 72' lang='lat' dir='ltr'><strong>posset</strong></span> 
     </span>
     <span class='ocr_line' id='line_1_79' title="bbox 909 2745 1609 2787; baseline 0.011 -13"><span class='ocrx_word' id='word_1_573' title='bbox 909 2745 1084 2776; x_wconf 81' lang='lat' dir='ltr'><strong>excludere.</strong></span> <span class='ocrx_word' id='word_1_574' title='bbox 1133 2745 1263 2778; x_wconf 81' lang='lat' dir='ltr'><strong>B=de</strong></span> <span class='ocrx_word' id='word_1_575' title='bbox 1283 2748 1421 2787; x_wconf 71' lang='lat' dir='ltr'><strong>famula</strong></span> <span class='ocrx_word' id='word_1_576' title='bbox 1440 2750 1529 2781; x_wconf 72' lang='lat' dir='ltr'><strong>satis.</strong></span> <span class='ocrx_word' id='word_1_577' title='bbox 1578 2749 1609 2779; x_wconf 88' lang='lat' dir='ltr'><strong>G</strong></span> 
     </span>
     <span class='ocr_line' id='line_1_80' title="bbox 914 2789 1451 2832; baseline 0.015 -13"><span class='ocrx_word' id='word_1_578' title='bbox 914 2789 1043 2830; x_wconf 67' lang='lat' dir='ltr'><strong>(cnm)</strong></span> <span class='ocrx_word' id='word_1_579' title='bbox 1057 2803 1103 2818; x_wconf 92' lang='lat'><strong><em>=</em></strong></span> <span class='ocrx_word' id='word_1_580' title='bbox 1115 2791 1374 2832; x_wconf 66' lang='lat' dir='ltr'><strong>disputandum</strong></span> <span class='ocrx_word' id='word_1_581' title='bbox 1396 2796 1451 2826; x_wconf 70' lang='lat' dir='ltr'><strong>est.</strong></span> 
     </span>
    </p>
   </div>
  </div>
 </body>
</html>
