1812 3184
470 203 652 245 NATUR.
684 204 893 255 QUAEST.
926 204 1018 246 Lm.
1047 205 1119 252 ιν,
1152 211 1191 245 2.

1471 206 1552 250 587

107 312 216 360 ribu'
243 314 453 360 duraturas
487 331 557 374 per
589 324 712 359 totam
743 325 934 360 aestatem
968 318 1081 360 niues
1115 316 1291 374 recepit?
1334 331 1432 373 quas
1457 332 1554 361 sane
1573 329 1606 356 1⁹

106 383 224 441 aliqui
243 390 411 428 ἶιίιοῐιωε
442 385 520 427 illio
550 399 704 442 quoque
729 386 953 442 excipiant:
996 385 1180 441 numquid
1201 385 1324 441 magis
1347 400 1463 440 quam
1483 386 1556 427 Al-

108 466 204 510 pes,
236 466 351 509 quam
373 449 575 496 Thraciae
595 456 712 510 iuga,
744 468 858 510 quam
882 452 1116 496 Caucasus?
1151 454 1255 509 atqui
1282 453 1420 495 horum
1446 468 1557 495 mon-

109 521 204 564 tium
225 519 383 564 flumina
403 535 497 564 uere
521 529 562 563 et
579 522 702 578 prima
725 529 878 564 aestate
898 522 1185 573 intumescunt,
1218 520 1358 563 deinde
1383 521 1557 562 hibernis

108 588 262 632 minora
288 596 409 632 sunt:
449 589 589 646 quippe
621 590 755 631 uernis
786 589 1025 644 temporibus
1056 589 1202 631 imbres
1228 589 1360 631 niuem
1388 588 1554 641 diluunt,

107 657 295 714 reliquias
323 657 410 699 elus
438 652 588 733 primus
613 657 722 703 calor
746 657 941 698 dissoluit.

1001 655 1091 699 Nec
1109 656 1276 699 Rhenus
1298 670 1372 698 nee
1394 655 1557 698 Rhoda-

107 722 403 767 nusneelster
423 724 462 766 ei
483 724 712 766 subiacent:
745 725 861 765 modo
883 731 1034 766 aestate
1058 724 1310 780 proueniunt.
1361 730 1402 766 et
1418 723 1526 765 illis
1515 738 1556 765 in

109 784 466 848 septemtrionibus
496 791 713 833 altissimae
745 791 889 846 iugiter
917 798 1010 833 sunt
1040 791 1167 833 niues.

1227 790 1370 833 Phasis
1400 804 1556 847 quoque
1573 801 1608 829 20

108 858 270 915 proinde
301 865 478 916 tempore
509 866 550 901 et
569 857 844 915 Borysthenes
879 866 1128 911 crescerent,
1175 866 1217 900 ut
1247 859 1360 900 niues
1394 866 1557 915 possent

151 951 239 984 moes
268 951 463 993 recepit=
480 949 530 982 Ee
539 949 589 982 sG
603 949 704 986 ffiffl.
774 949 804 982 G

110 993 422 1031 &200·.3=ntves
445 996 598 1036 recipit?
683 990 688 995 '

155 1036 208 1073 19.
240 1041 417 1082 numquid
442 1042 547 1082 mayis
579 1050 702 1081 quam
736 1042 807 1074 Al-

105 1094 201 1127 pes,
234 1094 330 1127 quam
365 1087 518 1119 Thraciae
552 1087 650 1127 iuya,
685 1094 808 1127 quam

110 1132 274 1164 Caucasus
292 1145 338 1159 =
358 1131 397 1163 E.
466 1130 543 1163 Vet.
569 1129 644 1163 cod.
670 1132 748 1175 Ops.
762 1144 809 1158 =

109 1185 188 1209 non
209 1177 317 1217 'quod
337 1177 442 1217 mayis
461 1185 560 1216 quam
582 1177 684 1216 Alpes.
732 1186 809 1209 e-—-.

109 1229 309 1262 numquam
339 1222 445 1263 mayis
469 1233 519 1252 ω.
578 1222 675 1253 Grut.
696 1220 738 1254 ci.
763 1236 810 1250 =

107 1271 362 1309 mutumne
382 1268 489 1307 mayis
507 1275 605 1306 quam
628 1267 729 1306 Alpes.
779 1266 811 1299 G

109 1311 204 1346 9183
222 1325 268 1339 ==
286 1319 489 1351 'nunquam
510 1313 615 1351 mayis
636 1321 735 1351 quam
757 1313 812 1344 Al-

107 1364 184 1397 pes,
199 1379 201 1381 .
219 1365 316 1397 quam
341 1357 494 1388 Thraciae
515 1357 594 1396 iuya
623 1359 701 1388 aut
727 1358 811 1389 Cau-

108 1410 213 1434 easus.
241 1400 619 1442 ·ssts1-.=numquam
642 1403 746 1442 mayis
757 1403 811 1433 Al·

107 1454 166 1487 pes
185 1455 284 1487 quam
302 1447 458 1480 ‘straciae
478 1448 558 1487 iuya
588 1450 661 1478 aut
687 1448 812 1479 Cauca-

111 1501 176 1523 sus·
223 1487 648 1532 OE'...24.=numquam
669 1494 810 1524 tamen

111 1538 216 1577 mavit
236 1537 509 1576 quam-Thraciae
534 1538 614 1577 iuya
645 1539 702 1568 aut
726 1538 811 1569 Cau-

111 1591 205 1614 oasus
226 1592 293 1615 om.
316 1590 415 1622 quam
438 1583 530 1621 Alpes
561 1587 680 1614 contra
706 1587 811 1613 mstos

112 1626 213 1659 etiam
244 1625 340 1659 Fort-
368 1626 427 1658 Gr.
458 1624 552 1658 Anio.
578 1625 666 1658 Scal.
688 1626 810 1659 Tronc.

111 1671 206 1704 Rom.
275 1671 381 1705 Gron.
395 1670 434 1704 ci.
445 1685 492 1700 -·=
503 1673 618 1712 quippe
630 1673 734 1704 vernis
751 1674 812 1703 te-

109 1718 258 1758 poribus.
305 1715 366 1750 ΡΒ.
376 1718 545 1758 =quippe
567 1719 673 1749 vernis
688 1715 733 1760 [c.
752 1716 811 1756 ΙΙΙ,

115 1761 163 1841 1}
177 1763 367 1804 yrandmem
383 1763 440 1795 hoc
461 1762 556 1794 modo
579 1763 648 1802 fieri
660 1760 732 1793 rell.
744 1772 811 1793 om.

113 1809 138 1840 P
164 1831 173 1840 .
195 1821 242 1836 =
265 1809 380 1841 imbres
407 1809 512 1840 nivem
546 1808 810 1839 dissolvunt.

115 1853 402 1894 G8=reliquas
425 1854 501 1884 eius.

154 1900 280 1940 primus
299 1899 387 1930 calor
407 1898 591 1930 dissolvit
614 1911 661 1925 =
684 1897 742 1929 Ee.

116 1943 741 1984 GB...s=primus[23=prius]
758 1951 813 1975 ca-

114 1988 293 2033 10r[G=
308 1986 440 2031 color]
464 1987 650 2027 dissipat.

160 2035 221 2066 Nee
243 2035 370 2066 Rhenus
388 2042 445 2068 nec
467 2033 642 2065 Rhodanus
662 2042 718 2065 nec
739 2033 815 2064 Ister

114 2081 150 2111 ei
179 2080 363 2111 subiacent:
402 2078 524 2110 modo
556 2081 674 2110 aestate
702 2081 814 2118 ‘prove-

115 2126 215 2157 niunt.
259 2127 290 2156 et
319 2124 383 2156 illis
412 2124 448 2156 in
471 2123 814 2163 septemtrionibus

114 2170 288 2201 altissimae
321 2170 466 2209 iuyiter
507 2171 581 2200 sunt
615 2169 715 2200 nives.
761 2167 813 2198 Ita

115 2212 232 2257 scripsi
261 2212 373 2246 locum
393 2211 492 2246 valde
525 2218 741 2255 corruptum,
777 2218 813 2243 ut

114 2269 214 2304 quam
235 2257 386 2311 proxime
406 2256 601 2291 accederem
621 2257 665 2290 ad
688 2258 715 2288 E
737 2256 814 2289 libri

115 2302 389 2348 praestantissimi
407 2302 615 2347 scripturam.
639 2304 744 2336 Ee=
754 2305 814 2335 Nee

115 2351 240 2383 Rhenus
260 2358 317 2381 nee
339 2349 507 2381 Rodanus
528 2358 583 2380 nec
599 2350 719 2380 Hister
741 2357 815 2380 nec

116 2396 145 2427 ei
171 2395 324 2426 Ystrus
351 2395 522 2426 subiacent.
569 2395 667 2425 Molo
700 2395 817 2424 aestate

114 2440 310 2479 proveniunt.
355 2439 396 2470 Et
417 2439 479 2470 illis
500 2440 535 2470 in
553 2439 818 2477 Septentrionibus

116 2485 289 2516 altissimae
333 2483 447 2523 iuyiter
480 2486 552 2515 sunt
584 2484 683 2514 nives.
730 2480 817 2514 nlud

124 2530 234 2560 Ystrus
250 2537 314 2571 pro
333 2526 423 2559 varia
441 2527 604 2570 scriptura
624 2526 732 2570 primo
753 2537 817 2569 ap-

120 2574 244 2617 pictum
274 2578 326 2605 est
357 2571 482 2604 nomini
513 2575 588 2605 Ister
615 2572 668 2604 vel
694 2573 818 2605 Hister:

118 2617 241 2651 deinde
268 2617 416 2650 iunctum
451 2629 525 2650 cum
556 2617 757 2650 Pronomine
791 2619 820 2649 ei

121 2662 224 2707 (quod
246 2662 392 2695 refertur
415 2663 459 2696 ad
481 2665 629 2702 calorem,
651 2662 738 2695 sicut
759 2673 819 2694 su-

120 2720 179 2752 pra
211 2710 347 2741 subiecta
378 2710 550 2749 fervoribus
573 2707 706 2750 legitur)
739 2707 821 2739 abiit

121 2753 154 2786 iu
185 2753 275 2786 aliud
318 2753 460 2786 fluminis
502 2764 621 2785 nomen
659 2755 820 2792 (Σαρδὼ-,ηε

119 2810 216 2843 quem
240 2810 313 2832 oum
335 2800 452 2839 Rheno,
477 2800 640 2838 Rhodano,
664 2800 741 2830 Istro
765 2809 821 2830 re-

121 2851 174 2878 cte
201 2844 355 2888 componi
374 2855 441 2877 non
465 2855 562 2888 posse
585 2842 699 2876 docuit
711 2843 819 2875 Ruhk.

854 949 885 983 G
895 965 941 978 =
954 952 1016 984 Nee
1026 952 1053 983 R
1064 960 1140 983 enus
1154 959 1210 983 nec
1228 951 1255 983 R
1265 960 1283 982 ο
1293 950 1398 982 danus
1417 959 1472 982 nec
1482 951 1558 982 Ister

851 1005 924 1028 nec
945 997 1158 1036 Caystrus
1171 997 1450 1028 subiacentNilo.
1466 995 1555 1037 [sm.

852 1042 969 1083 quia]
995 1044 1111 1073 aestate
1130 1042 1329 1081 proveniunt.
1369 1043 1398 1072 et
1420 1041 1484 1072 illis
1507 1041 1556 1072 al-

852 1087 992 1118 tissimae
1034 1087 1299 1126 Septentrionibus
1336 1086 1451 1125 iugiter
1485 1087 1559 1118 sunt

853 1132 952 1163 nives.
999 1130 1216 1163 Fort.=nec
1239 1131 1315 1162 Ister
1336 1139 1409 1162 nec
1443 1130 1528 1169 Cay
1539 1147 1553 1154 -

853 1179 970 1209 strus
992 1177 1151 1208 subiacent
1171 1177 1285 1207 malo
1307 1177 1435 1207 aestate.
1477 1175 1559 1207 Sunt

856 1223 884 1253 et
903 1223 968 1254 illis
990 1222 1163 1253 altissimae
1185 1222 1219 1253 in
1240 1221 1314 1260 Sep.
1332 1221 1445 1260 iuyiter
1458 1221 1557 1252 nives.

856 1263 1040 1298 P4.=nec
1058 1268 1134 1298 Ister
1155 1275 1228 1298 nec
1253 1266 1465 1305 Caystrus
1484 1266 1556 1297 sub-

855 1312 958 1344 iacent
979 1313 1101 1345 malo.
1147 1312 1268 1343 Aestate
1287 1311 1474 1351 proveniunt
1485 1333 1497 1350 ,
1529 1313 1558 1342 et

854 1357 918 1389 illis
959 1358 1132 1388 altissimae
1163 1357 1197 1388 in
1231 1356 1304 1395 Sep.
1338 1357 1438 1396 iuyis
1469 1356 1558 1387 nives

855 1405 937 1434 sunt.
990 1400 1063 1432 Col.
1083 1415 1130 1429 =
1148 1409 1205 1433 nee
1236 1402 1312 1432 Ister
1343 1409 1416 1432 nec
1446 1400 1558 1439 Cay-

856 1450 974 1480 strus
996 1447 1156 1479 subiacent
1177 1447 1302 1477 malo.
1348 1446 1470 1477 Aestate
1481 1453 1557 1484 pro-

855 1493 1003 1532 veniunt,
1036 1494 1064 1524 et
1083 1493 1148 1524 illis
1169 1492 1342 1522 altissimae
1373 1491 1407 1522 in
1439 1492 1558 1530 septen-

856 1539 1007 1570 trionibus
1029 1538 1142 1578 iuyiter
1162 1539 1235 1568 sunt
1254 1537 1352 1568 nives.
1397 1536 1559 1570 ,⁵3=Nee

855 1591 988 1615 renus.-
1020 1591 1076 1614 nec
1106 1582 1269 1614 rhodanus
1302 1579 1378 1624 [sp.
1399 1591 1452 1612 vc.
1477 1585 1557 1612 octo

858 1626 930 1659 fere
950 1626 1151 1669 litterarum]
1177 1635 1248 1659 nec
1271 1627 1466 1658 caistrus
1484 1626 1558 1657 sub-

855 1673 958 1704 iacent
980 1674 1103 1704 malo.
1148 1673 1270 1704 Aestate
1290 1672 1499 1710 proveniunt:
1531 1672 1561 1701 et

857 1719 920 1749 illis
943 1718 1107 1749 altissima
1132 1718 1166 1749 in
1198 1716 1454 1756 septentrionibus
1475 1715 1558 1755 iuyi-

857 1765 901 1795 ter
923 1765 995 1794 sunt
1017 1763 1151 1803 flumina
1163 1763 1288 1802 possent
1308 1759 1380 1792 rell.
1397 1770 1464 1792 om.
1492 1757 1557 1794 (³:11.

858 1823 904 1836 =
925 1809 986 1840 Nee
1009 1808 1154 1846 Rhenus,
1186 1815 1242 1838 nec
1272 1806 1467 1845 Rhodanus,
1501 1813 1557 1836 nee

861 1855 914 1886 Ca
925 1863 945 1892 y
956 1855 990 1883 st
1002 1862 1074 1884 rus
1094 1853 1253 1884 subiacent
1274 1860 1306 1882 m
1317 1860 1338 1882 a
1350 1852 1360 1882 l
1371 1860 1400 1883 o.
1437 1852 1559 1882 Aestate

855 1899 1053 1939 proveniunt,
1072 1901 1100 1930 et
1121 1898 1185 1929 illis
1207 1898 1378 1928 altissimae
1391 1897 1426 1928 in
1439 1898 1560 1935 septen-

857 1944 1079 1976 trionalibus
1112 1943 1216 1982 iuyis
1244 1943 1330 1973 nives
1352 1943 1434 1973 sunt.
1475 1939 1559 1971 For-

858 1995 929 2020 tun.
947 1986 987 2020 ci.
999 1989 1118 2020 =Nec
1139 1988 1275 2026 Rhenus,
1297 1995 1355 2019 nec
1376 1986 1560 2025 Rhodanus,

857 2043 912 2066 nec
942 2034 1016 2065 Ister
1045 2042 1120 2065 nec
1157 2033 1369 2071 Caystrus
1401 2032 1561 2062 subiacent

858 2080 966 2110 malo
1000 2081 1127 2110 aestate.
1174 2078 1351 2109 Altissimae
1372 2078 1444 2108 sunt
1474 2077 1504 2109 et
1526 2075 1561 2106 in

856 2125 920 2155 illis
932 2124 1135 2163 Septentrion
1144 2123 1257 2154 atibus
1278 2122 1355 2162 iugi
1365 2130 1380 2152 s
1399 2122 1486 2152 nives
1500 2119 1559 2163 [=

860 2168 924 2204 (ξῖ.
938 2166 1057 2210 ...(ᾒ]
1082 2166 1137 2200 vel
1160 2168 1337 2199 Altissimae
1369 2168 1441 2198 sunt
1473 2168 1501 2197 et
1527 2167 1560 2197 in

859 2215 943 2254 Sept.
963 2214 1076 2254 iuyiter
1098 2214 1195 2245 nives.
1242 2211 1288 2245 ⁵)ss
1301 2233 1312 2246 .
1327 2232 1338 2246 i
1350 2234 1361 2246 .
1374 2210 1444 2246 §BL
1457 2211 1516 2245 §Ru
1527 2210 1560 2244 s

859 2274 903 2287 =
916 2260 978 2291 Nec
988 2259 1123 2298 Rhenus,
1146 2267 1201 2290 nec
1212 2257 1396 2295 Rhodanus,
1407 2265 1462 2287 nec
1473 2256 1560 2295 Ister,

859 2314 904 2337 ne
918 2314 933 2336 c
975 2305 1187 2342 Caystrus
1227 2303 1386 2333 subiacent
1429 2301 1560 2331 malo:

860 2351 976 2381 aestate
999 2349 1196 2388 proueniunt.
1242 2347 1417 2378 Altissimae
1439 2348 1511 2376 sunt
1534 2349 1563 2376 et

859 2397 894 2426 in
915 2394 978 2425 iltis
995 2392 1324 2432 septentrionalibus
1344 2391 1445 2430 iuyis
1465 2390 1563 2422 nives.

862 2437 932 2474 §32
943 2452 990 2465 =
1004 2438 1065 2469 Nec
1084 2438 1219 2476 Rhenus,
1234 2444 1289 2467 nee
1308 2436 1493 2474 Rhodanus,
1508 2443 1564 2466 nec

862 2485 948 2523 Ister,
970 2491 1044 2515 nec
1070 2483 1279 2521 Caystrus
1302 2481 1462 2512 subiacent
1484 2488 1563 2510 ma-

863 2531 900 2560 lo
912 2538 922 2568 ;
963 2530 1079 2560 aestate
1098 2528 1305 2568 proveniunt:
1342 2528 1370 2556 et
1391 2526 1454 2556 illis
1476 2525 1564 2556 altis-

862 2576 960 2606 simae
987 2575 1022 2605 in
1043 2572 1369 2613 septemtrionalibus
1390 2571 1493 2610 iuyis
1515 2571 1564 2602 ni-

864 2629 916 2651 ves
940 2621 1022 2651 sunt.
1068 2616 1196 2649 Koeler
1217 2616 1313 2648 ci.=
1327 2624 1384 2647 nec
1406 2616 1482 2647 Ister
1509 2624 1563 2647 neo

866 2665 1026 2696 Hebrus
1048 2664 1265 2695 subiacentes
1296 2661 1407 2692 malo
1430 2665 1488 2691 aut
1510 2669 1564 2693 ae-

865 2712 943 2740 state
967 2709 1098 2747 enim,
1121 2717 1197 2747 qua
1218 2707 1405 2747 proveniunt
1427 2710 1462 2742 et
1485 2706 1566 2737 etsi

866 2755 1057 2786 altissimae:
1090 2751 1162 2795 ipse
1184 2757 1294 2784 tamen
1315 2748 1469 2783 defendit
1488 2748 1565 2782 vul—

868 2804 978 2843 gatam
998 2797 1194 2841 scripturam
1217 2807 1272 2830 nec
1296 2798 1456 2836 Caystrus.

913 2842 967 2876 20.
1004 2844 1116 2876 Phasis
1139 2851 1258 2884 quoque
1285 2842 1467 2883 proinde
1491 2844 1567 2873 tem-
