1812 3184
510 182 696 225 NATUR.
727 182 939 234 QUAEST.
968 175 1064 224 LIB.
1084 183 1176 233 Vll,
1206 187 1246 224 5.
1518 183 1604 228 685

152 286 508 351 nit-ct‚uelocitas‚
547 296 615 339 illa
646 310 801 353 quoque
831 302 998 352 possunt
1026 302 1068 339 et
1094 295 1202 339 tenui
1227 301 1412 338 constare
1436 297 1602 340 materia

151 364 321 413 malloo
340 356 667 408 discutiadsiduo
685 364 787 407 coeli
808 364 1063 407 circumactu.
1123 362 1197 406 Illo
1215 377 1371 420 quoque
1393 365 1604 420 pertinebit

151 431 228 479 hoc
245 433 494 486 excussisse,
527 439 570 475 ut
586 434 759 476 sciamus
778 440 906 475 utrum
926 433 1094 475 mundus
1114 438 1220 474 terra
1237 439 1368 474 stante
1389 431 1605 475 circumeat

151 513 204 543 an
223 501 369 543 mundo
391 508 520 544 stante
543 508 652 547 terra
672 507 866 543 uertatur.
926 498 1109 543 Fuerunt
1127 500 1231 542 enim
1251 500 1316 556 qui
1329 499 1514 542 dicerent
1532 515 1605 543 nos

152 581 244 616 csse
269 583 370 625 quos
392 583 524 612 rerum
550 576 691 612 natura
715 570 940 612 nescientes
962 569 1064 610 ferat
1085 581 1158 611 nec
1180 568 1282 610 coeli
1301 574 1411 610 motu
1431 568 1516 610 fieri
1540 583 1606 610 or-

141 643 216 683 *tus
235 643 276 679 ct
293 651 461 680 occasus
473 668 486 690 ,
518 638 587 680 sed
606 637 716 693 ipsos
736 637 831 678 oriri
850 643 892 679 et
906 636 1112 678 occideret
1143 636 1260 692 digna
1278 649 1346 679 res
1365 636 1606 691 contempla·
1622 650 1640 676 ³
1668 687 1672 693 v

152 704 289 756 tione,
321 711 365 747 ut
385 704 555 747 sciamus
577 704 619 746 iu
640 719 718 760 quo
737 718 871 746 rerum
894 711 1001 746 statu
1024 704 1146 746 simus
1159 734 1170 755 ‚
1206 703 1456 759 piget-rimam
1476 704 1606 746 sortiti

151 785 202 814 au
225 762 689 824 uelocissimam'sedem,
721 771 827 813 circa
846 785 920 813 nos
940 772 1038 814 deus
1058 771 1189 813 omnia
1209 785 1354 814 annos
1372 779 1480 828 agat.
1520 771 1607 814 Ne-

123 829 127 831 *
150 839 370 881 cessarium
392 844 454 880 est
476 845 617 888 autern
631 845 790 881 ueteres
820 846 932 880 ortus
959 846 1199 881 cometarum
1226 839 1372 881 habere
1392 840 1604 884 collectos:

152 906 391 962 deprehendi
415 905 519 948 enim
545 913 706 963 propter
727 905 933 948 raritatem
954 919 1091 948 eorum
1114 920 1254 948 cursus
1278 907 1403 949 adhuc
1427 922 1508 949 non
1540 922 1610 964 po—

154 980 234 1018 test
257 987 333 1016 nec
360 973 562 1030 explorari
585 988 636 1015 an
658 974 767 1016 uices
788 981 952 1016 seruent
974 980 1013 1015 et
1032 974 1120 1016 illos
1142 974 1327 1016 adsuum
1350 975 1451 1017 diem
1475 967 1610 1018 certus

153 1042 250 1084 ordo
282 1042 488 1098 producat.
547 1040 670 1084 Noua
698 1042 795 1084 haec
823 1041 1053 1083 coelestium
1085 1042 1313 1083 obseruatio
1338 1050 1400 1084 est
1421 1049 1462 1084 et
1484 1057 1611 1098 nuper

153 1108 196 1151 in
211 1107 425 1170 Graeciam
447 1109 620 1152 inuecta.
681 1107 760 1152 III.
792 1108 1044 1151 Democritus
1067 1123 1220 1165 quoque
1240 1110 1519 1153 subtilissimus
1537 1125 1614 1153 au-.

152 1177 350 1233 tiquorum
375 1177 549 1219 omnium
574 1177 768 1233 suspicari
789 1191 834 1219 se
856 1177 912 1218 ait
940 1177 1073 1233 plures
1102 1191 1194 1219 esse
1223 1178 1361 1220 stellas
1391 1192 1491 1234 quae
1520 1193 1611 1222 cur-

151 1252 265 1287 rant:
295 1245 366 1287 sed
389 1258 463 1287 nec
486 1258 691 1303 numerum
713 1245 866 1287 illarum
891 1245 1022 1300 posuit
1042 1259 1116 1287 nec
1138 1245 1297 1288 nomina
1318 1247 1491 1288 nondum
1515 1261 1610 1289 cou-

152 1312 360 1374 preheusis
390 1313 563 1368 quinque
595 1312 768 1354 siderum
804 1313 998 1355 cursibus.
1059 1311 1256 1355 Eudoxus
1285 1314 1433 1371 primus
1455 1315 1504 1356 ab
1525 1314 1611 1357 Ac-

110 1387 115 1393 '
152 1386 274 1436 gypto
296 1379 369 1422 hos
393 1383 524 1421 motus
544 1379 587 1421 in
610 1378 821 1422 Graeciam
849 1380 1078 1422 transtulit.·
1121 1380 1200 1422 Hic
1221 1388 1353 1423 tamen
1375 1383 1423 1424 de
1445 1383 1611 1425 cometis

154 1447 252 1489 nihil
280 1447 400 1488 dicit:
443 1461 499 1490 ex
527 1462 605 1503 quo
634 1448 799 1503 adparet
828 1461 878 1489 ne
908 1448 1011 1504 apud
1031 1446 1253 1504 Aegyptios
1283 1450 1439 1505 quidem
1468 1450 1608 1506 quibus

153 1514 293 1575 maior·
310 1514 411 1556 coeli
441 1529 538 1556 cura
568 1515 641 1556 fuit
672 1515 771 1556 hanc
801 1522 953 1571 partem
983 1515 1239 1560 elaboratam.
1301 1514 1444 1559 Conon
1471 1524 1608 1574 postea
1625 1523 1643 1551 2

154 1582 322 1638 diligens
352 1589 393 1623 et
423 1581 508 1637 ipse
534 1582 745 1638 inquisitor
773 1583 1018 1625 defectiones
1047 1584 1200 1639 quidem
1229 1585 1325 1626 solis
1355 1593 1534 1627 seruatas
1558 1586 1608 1628 ab

150 1649 365 1706 Aegyptiis
393 1649 576 1707 collegit,
619 1650 763 1692 nullam
795 1657 927 1692 autem
956 1651 1195 1693 mentionem
1226 1652 1322 1694 fecit
1348 1659 1607 1706 cometarum,

156 1739 231 1774 Col.
251 1738 353 1777 9851.
375 1755 422 1769 =
445 1744 727 1782 moventurque
746 1743 862 1774 mensi·

155 1787 214 1819 bas
234 1787 328 1819 senis.

171 1860 173 1863 .
200 1840 325 1873 neque
349 1833 422 1864 illos
447 1834 607 1865 conversio
629 1831 730 1863 =E.

157 1877 229 1912 Β..
233 1876 346 1912 ..ae=
356 1886 426 1910 nec
442 1879 519 1910 illos
543 1887 633 1910 conv.
682 1878 860 1910 B=nec

109 1931 113 1935 ·
154 1921 304 1954 caecitas
325 1923 428 1956 solvit.
477 1922 560 1964 G(n.
565 1926 579 1963 )
598 1927 633 1961 4-
650 1924 743 1955 solvit
764 1926 792 1955 et
813 1932 859 1955 ne

154 1968 314 2000 velocitas.
360 1967 386 1998 B
409 1984 454 1992 —
474 1971 502 2000 et
524 1974 603 2000 ante
625 1968 721 2000 tenui.
769 1968 859 1999 E—
812 1982 859 1996 =

156 2012 261 2044 haec
285 2007 337 2056 [ti]
372 2014 554 2045 excussisse.
602 2014 627 2045 B
649 2014 771 2045 =hoc
804 2023 860 2045 ex-

157 2058 323 2098 quisisse
346 2060 380 2090 ut
400 2059 548 2090 sciamus.
598 2059 807 2098 G(s.m.)=
825 2061 860 2090 ut

155 2103 258 2134 scias
280 2104 397 2136 utrum.
435 2103 630 2135 B==utrum
652 2107 737 2136 terra
759 2107 859 2136 stante

157 2148 328 2179 circmroeat
347 2148 496 2180 mundus.
541 2149 575 2191 Q}
591 2163 636 2177 =
651 2158 730 2189 quos
754 2158 860 2181 rerum

155 2195 275 2225 natura
297 2193 458 2230 scientes
477 2194 568 2234 ferat.

201 2238 276 2269 sed
296 2238 383 2278 ipsos
404 2239 482 2270 oriri
503 2241 532 2270 et
556 2238 696 2271 occidere
712 2252 759 2266 -—-
778 2238 859 2270 EeG

160 2282 194 2318 m
207 2304 247 2318 uo
256 2281 326 2318 ml·
399 2282 422 2314 Β
437 2281 519 2314 Brit·
541 2283 609 2318 ffi2⁴
621 2305 632 2317 ι
644 2305 655 2316 0
669 2306 680 2317 ι
694 2284 727 2318 R
740 2280 780 2307 -Δ
795 2284 860 2315 sea·

157 2326 282 2371 probat
305 2328 412 2359 Gron.
458 2326 551 2370 Lips.
573 2327 615 2360 ci.
633 2332 666 2366 -ξ-
688 2329 744 2360 sed
777 2330 862 2368 ipsos

157 2381 235 2405 nos
256 2373 343 2404 oriri.
363 2371 486 2414 probat
506 2372 689 2404 Fromond.

213 2415 248 2449 3.
282 2417 383 2456 digna
411 2426 462 2448 res
494 2419 753 2457 contemplatione
772 2431 819 2444 =
837 2417 862 2447 Β

159 2461 220 2494 Ee·
291 2460 357 2496 GJB
369 2482 409 2496 ο..
419 2461 454 2496 R
468 2465 503 2499 ÷
519 2463 626 2502 Digna
637 2472 687 2495 res
701 2466 760 2495 est
781 2465 862 2494 cont.

161 2507 193 2540 G
206 2507 316 2548 (mm.)
335 2520 382 2534 =
403 2509 437 2538 ut
457 2508 560 2539 scias
582 2508 616 2538 in
638 2517 709 2548 quo.
757 2507 861 2539 Ee=

161 2554 196 2585 in
217 2561 278 2593 quo
297 2560 404 2583 rerum
424 2554 510 2584 stata
530 2561 667 2584 sumus.
717 2553 740 2584 Β
762 2567 808 2580 =
827 2554 862 2585 in

159 2606 222 2638 quo
247 2599 334 2629 statu
353 2606 458 2629 rerum
480 2606 616 2629 samus.
664 2597 712 2630 Ee
726 2612 773 2626 =
793 2607 861 2630 sor-

159 2643 185 2675 ti
191 2644 243 2675 ri.
291 2641 322 2673 G
341 2655 389 2670 =
406 2643 589 2683 piger-rima
612 2644 721 2675 sortiti.
768 2643 795 2675 B
815 2657 860 2670 =

160 2687 264 2720 sedem
297 2696 341 2719 an
370 2687 607 2719 velocissimam.
654 2689 688 2723 ,³23
709 2702 756 2716 =
775 2690 861 2720 circa

161 2741 219 2765 nos
238 2733 390 2765 debere
412 2733 529 2764 omnia.
554 2732 862 2765 B=Necessarium

801 1831 860 1863 BG

161 2780 266 2809 autem
296 2780 350 2809 est.
397 2787 416 2809 e
435 2791 482 2805 =
500 2778 690 2817 deprehendi
721 2781 861 2810 autem

158 2825 296 2864 propter.
342 2823 546 2856 B=cursus
566 2831 683 2856 eorum.
730 2823 859 2865 (ἔμω)

907 1760 950 1766 -
962 1742 1046 1774 diem
1067 1748 1146 1774 ante
1160 1746 1271 1775 certus.
1297 1744 1387 1778 Q=
1394 1745 1517 1784 produc
1525 1753 1547 1776 a
1557 1747 1609 1778 nt.

906 1788 998 1822 §B=
1008 1791 1037 1819 et
1058 1797 1160 1828 nuper
1175 1790 1209 1820 in
1221 1790 1389 1821 Graeciam
1410 1791 1476 1821 ine
1486 1792 1610 1822 ctam.

908 1831 971 1867 ΕΙ
984 1847 1028 1860 =
1040 1834 1074 1865 in
1094 1835 1215 1865 Graec
1203 1843 1215 1865 ι
1225 1843 1245 1865 a
1268 1835 1322 1866 inv
1332 1844 1348 1866 e
1358 1845 1380 1866 n
1391 1838 1434 1866 ta.
1461 1834 1608 1876 (ἔθυεν)

907 1874 1023 1910 P4.—-
977 1893 1023 1907 =
1037 1879 1070 1911 in
1095 1879 1260 1911 Graeciam
1288 1881 1341 1911 inv
1350 1889 1396 1912 en
1405 1882 1449 1912 ta.

1179 1956 1345 2001 Cap.111.

950 2015 1107 2055 suspicari
1130 2023 1161 2046 se
1187 2016 1232 2045 ait
1253 2028 1300 2042 =
1318 2014 1393 2047 BEe
1405 2013 1505 2050 inat.
1577 2015 1608 2048 G

906 2061 1019 2100 (mm)
1032 2078 1072 2083 —
1087 2060 1255 2099 suspicari.
1304 2059 1367 2095 (32.
1379 2083 1389 2094 .
1403 2083 1414 2094 .
1425 2083 1436 2095 .
1448 2061 1481 2096 ST
1495 2074 1543 2089 =
1554 2070 1609 2093 su-

904 2106 1024 2145 spicari
1045 2106 1092 2136 ait
1117 2113 1158 2136 se.

948 2151 1056 2190 plures
1079 2158 1142 2181 esse
1160 2151 1319 2181 stellas=
1331 2150 1389 2182 Ee..
1458 2149 1553 2186 BGQ
1566 2173 1606 2187 ...

905 2194 938 2230 R
957 2208 1004 2222 =
1020 2195 1128 2239 plures
1148 2195 1254 2226 stellas
1277 2204 1351 2227 esse.
1397 2194 1536 2228 Fortun.
1567 2195 1609 2229 ei.
1660 2218 1662 2220 ·

905 2248 1043 2280 =quae
1066 2249 1107 2271 co
1119 2243 1217 2271 eant
1238 2246 1295 2271 aut
1310 2246 1402 2272 certe
1417 2250 1498 2281 quae
1516 2251 1532 2273 c
1544 2251 1610 2275 on-

905 2287 1045 2318 currant.
1091 2284 1117 2315 Β
1139 2298 1184 2312 =
1206 2294 1261 2317 nec
1293 2295 1458 2317 numerum
1480 2287 1611 2318 illarum

903 2331 1069 2370 possint.
1114 2329 1180 2360 mG
1200 2344 1246 2357 =
1267 2339 1323 2362 nec
1356 2332 1503 2362 omnia
1532 2341 1612 2363 non-

905 2376 993 2406 dum.
1043 2372 1166 2407 QL=
1181 2384 1236 2406 nec
1259 2376 1403 2406 omnia
1429 2376 1610 2408 necdum

905 2419 1142 2459 comprehensis.
1203 2419 1233 2450 G
1244 2421 1277 2454 >B
1300 2434 1347 2447 =
1376 2429 1432 2452 nec
1470 2422 1610 2453 nomina.

905 2463 978 2496 nec
1011 2464 1107 2495 dum
1139 2473 1257 2504 compr.
1305 2464 1335 2496 G
1357 2479 1404 2493 =
1426 2466 1612 2498 Eudosius

904 2510 1030 2549 prius
1054 2510 1095 2540 ab
1118 2511 1266 2550 Aeyypto.
1312 2511 1405 2545 ΒΞ
1426 2511 1611 2543 Euderius

903 2556 1037 2595 primus.
1087 2556 1211 2587 e=de
1234 2556 1360 2587 cometis
1381 2556 1444 2588 nil
1464 2556 1550 2588 dicit.

951 2597 984 2630 2.
1010 2600 1044 2634 -8
1066 2613 1113 2627 =
1133 2601 1328 2632 elaboratam
1350 2610 1395 2643 eo
1416 2610 1496 2634 non
1515 2602 1611 2641 pri-

906 2653 972 2676 ma
1003 2645 1138 2685 diligens
1170 2648 1199 2676 et
1227 2647 1303 2685 ipse.
1350 2646 1376 2677 Β
1396 2663 1443 2670 -
1462 2647 1503 2677 ab
1531 2651 1615 2678 ante

906 2690 1087 2730 Aegyptius.
1136 2690 1159 2720 B
1171 2704 1215 2718 =
1225 2692 1347 2722 nullam
1366 2694 1410 2723 ta
1420 2700 1452 2722 m
1460 2700 1476 2723 e
1485 2701 1507 2723 n
1523 2701 1611 2725 men-

906 2735 1020 2766 tionem
1054 2738 1245 2767 comelarum
1275 2736 1356 2775 fecit.
1403 2735 1451 2767 Ee
1471 2749 1517 2765 ==
1541 2738 1611 2769 nul-

907 2781 973 2810 lam
996 2780 1128 2811 etiam
1150 2782 1336 2813 mentionem
1353 2781 1438 2821 [ecit.
1471 2782 1505 2817 §B
1522 2786 1556 2821 ἦ·
1573 2785 1610 2814 et

907 2825 1029 2857 nullam
1063 2827 1169 2858 autem
1201 2827 1396 2859 onerationem.
