1812 3184
237 203 240 207 “
297 202 382 247 338
833 203 910 244 'AD
942 203 1194 245 POLYBIUM

299 314 527 357 beneficium
547 315 644 367 erit,
677 314 762 356 siue
784 314 1029 356 innocentem
1051 329 1112 356 me
1135 315 1269 357 scierit
1289 330 1402 369 esse,
1433 317 1519 359 siue
1542 315 1724 359 uoluerit.

300 382 460 424 Interim
492 396 672 437 magnum
703 382 946 423 miseriarum
977 396 1149 424 mearum
1176 383 1354 425 solatium
1375 391 1437 426 est
1456 385 1590 426 uidere
1611 384 1729 426 mise-

258 495 261 497 >
298 450 505 491 ricordiam
527 450 611 491 eius
630 456 748 490 totum
771 449 903 491 orbem
925 457 1225 505 perungantem:
1258 464 1358 505 quae
1377 465 1463 493 cum
1484 465 1538 494 ex
1554 452 1641 508 ipso
1661 465 1729 493 an·-

299 518 389 572 gulo
411 518 450 558 in
476 531 551 571 quo
574 530 648 571 ego
673 517 825 558 defixus
853 530 939 558 sum
967 518 1173 573 conplures
1204 518 1411 560 multorum
1439 519 1515 560 iam
1540 532 1728 560 annorum

300 585 411 626 ruina
437 584 596 624 obrutos
618 583 799 624 effoderit
816 590 855 624 et
875 584 914 625 in
938 584 1061 625 lucem
1084 585 1304 637 reduxerit,
1336 599 1415 627 non
1435 599 1579 627 uereor
1600 598 1650 627 uc
1667 598 1731 626 me

302 666 417 693 unum
442 657 630 692 transeat.
691 649 780 706 Ipse
801 659 929 692 autem
949 651 1091 706 optime
1113 652 1222 693 nouit
1243 659 1392 709 tempus
1411 667 1486 708 quo
1509 652 1646 708 cuique
1659 652 1732 693 «de-

301 719 393 776 beat
421 731 675 760 succurrere:
720 731 792 772 ego
825 731 978 759 omnem
1012 732 1169 773 operam
1200 719 1324 771 dabo,
1364 733 1413 761 ne
1444 719 1652 775 peruenire
1683 718 1730 759 ad

268 794 364 827 ime
402 785 623 833 erubescat.
698 782 734 826 Ο
774 785 927 826 felicem
967 785 1210 827 clementiam
1248 793 1375 838 tuam,
1419 784 1591 839 Caesar,
1630 798 1730 841 quae

300 853 440 903 efficit,
484 859 526 893 ut
552 850 781 906 quietiorem
817 852 889 893 sub
919 858 957 893 te
991 859 1110 907 agant
1135 853 1253 894 uitam
1287 854 1426 895 exules
1458 867 1581 908 quam
1607 866 1732 908 nuper

300 920 372 961 sub
404 917 503 960 Caio
533 932 652 973 egere
692 919 900 974 principes.
968 918 1062 960 Non
1103 920 1298 975 trepidant
1337 934 1410 961 nec
1450 934 1521 975 pei·
1557 920 1730 975 singulas

301 987 417 1027 horas
452 986 620 1039 gladium
652 992 884 1040 exspectant
921 999 994 1026 nec
1024 986 1073 1026 ad
1105 999 1258 1026 omnem
1287 987 1444 1027 nauium
1479 983 1729 1042 conspectum

299 1059 458 1108 pauent.
518 1050 599 1093 Per
620 1058 657 1092 te
681 1052 824 1092 habent
849 1058 892 1092 ut
914 1052 1092 1092 fortunae
1117 1052 1331 1093 saeuientis
1362 1053 1525 1094 modum
1545 1052 1600 1094 ita
1622 1048 1730 1108 spem

301 1131 454 1173 quoque
479 1117 652 1159 melioris
672 1117 844 1159 eiusdem
874 1131 920 1159 ac
941 1118 1159 1173 praesentis
1185 1119 1370 1173 quietem.
1431 1117 1544 1161 Scias
1571 1119 1663 1161 licet
1685 1132 1731 1160 ea

301 1186 454 1227 demum
494 1185 653 1226 fulmina
695 1198 785 1226 esse
817 1185 1031 1226 iustissima
1072 1199 1171 1240 quae
1212 1186 1328 1228 etiam
1369 1178 1544 1242 peicussi
1582 1186 1729 1228 colunt.

300 1251 420 1295 XIV.
462 1253 565 1305 [δᾶ]
625 1250 701 1293 Hic
731 1252 861 1306 itaque
890 1252 1069 1308 princeps
1097 1253 1160 1307 qui
1191 1253 1382 1308 publicum
1413 1253 1582 1295 omnium
1608 1253 1730 1294 homi-

302 1334 392 1361 num
417 1319 596 1361 solatium
619 1325 701 1370 est,
733 1325 800 1359 aut
817 1333 879 1360 me
902 1319 1030 1360 omnia
1055 1320 1212 1371 fallunt,
1245 1327 1312 1360 aut
1335 1320 1411 1361 iam
1431 1320 1627 1362 recreauit
1646 1319 1731 1360 ani'-

301 1401 403 1427 mum
425 1394 530 1427 tuum
555 1392 596 1426 et
620 1392 698 1426 tam
722 1399 862 1440 magno
886 1386 1037 1427 uolneri
1062 1386 1210 1427 maiora
1230 1387 1403 1437 adhibuit
1425 1387 1612 1429 remedia.
1651 1386 1729 1428 iam

301 1459 338 1494 te
368 1452 472 1494 omni
502 1452 744 1493 confirmauit
767 1453 898 1493 modo.
953 1452 1030 1493 iam
1054 1452 1185 1494 omnia
1210 1454 1390 1510 exempla
1412 1454 1551 1509 quihus¹
1574 1454 1623 1496 ad
1645 1454 1730 1496 ani-

300 1520 352 1560 mi
382 1519 617 1574 aequitatem
655 1519 933 1574 conpellereris
962 1520 1212 1561 tenacissima
1239 1521 1426 1562 memoria
1454 1521 1602 1563 retulit.
1651 1521 1730 1563 iam

300 1587 469 1628 omnium
511 1593 718 1642 praecepta
754 1586 972 1642 sapientum
1008 1587 1171 1628 adsueta
1201 1587 1276 1628 sibi
1311 1587 1489 1645 facundia
1524 1587 1728 1644 explicuit.

1083 1695 1114 1732 4.
1139 1698 1198 1731 BG
1210 1708 1346 1739 =quae
1367 1701 1494 1741 effecit.
1518 1696 1570 1733 'V
1586 1714 1633 1729 =
1651 1709 1727 1733 exu-

1037 1745 1080 1775 les
1101 1746 1210 1776 vitam.
1257 1745 1411 1788 D(cr.oe)
1424 1747 1645 1786 =princeps
1667 1754 1728 1777 non

1036 1791 1187 1829 trepidat
1213 1801 1246 1819 ω
1271 1793 1438 1829 expectat.
1495 1790 1526 1821 G
1543 1805 1588 1818 =
1605 1799 1661 1822 nec
1683 1791 1727 1821 ad

1037 1843 1116 1866 omn
1127 1843 1142 1865 e
1165 1836 1258 1865 navi
1265 1836 1362 1873 9ium
1383 1838 1585 1874 conspectum.
1611 1832 1669 1867 1³4.
1681 1848 1726 1861 =

1034 1879 1078 1909 ad
1099 1887 1219 1910 omnem
1240 1888 1334 1910 man
1346 1888 1405 1910 um
1426 1883 1631 1918 conspectum.
1668 1879 1725 1911 Ex.

301 1698 366 1731 iam
384 1698 478 1730 Rom.
491 1700 714 1739 =perspiciat
733 1704 767 1730 et
786 1700 895 1739 faciat.
925 1701 991 1735 zQ

301 1759 346 1772 =
359 1746 472 1776 bonam
492 1745 685 1784 prospiciat
704 1746 752 1776 vel
775 1746 993 1777 clementiam

300 1790 398 1830 faciat
420 1790 544 1820 bonam.
592 1787 654 1822 ΕΙ.
669 1792 704 1827 -Ι-
726 1801 759 1818 ω
776 1790 935 1821 clementia
953 1799 992 1821 e-

299 1836 368 1865 ius
395 1845 446 1864 co.
505 1831 567 1867 (32.
589 1847 635 1860 =
660 1834 773 1865 bonam
803 1835 990 1873 perspiciet

298 1880 347 1910 vel
361 1879 521 1910 clementia
534 1880 627 1909 eius
648 1878 767 1917 faciet
789 1880 913 1909 bonam.
937 1878 990 1910 Ne

301 1922 392 1954 Pinc.
412 1921 543 1965 quidem
557 1933 588 1953 v.
602 1922 624 1952 l.
648 1921 791 1954 habebat
809 1924 896 1954 eius:
919 1922 989 1965 ipse

299 1966 463 1998 abiectum
495 1966 602 1998 voluit
636 1969 748 1999 bonam
780 1973 858 2010 post
881 1969 989 2007 faciat.

301 2012 327 2045 Q
342 2034 351 2046 0
365 2034 375 2046 0
387 2034 396 2044 .
410 2013 466 2046 {Ru
480 2013 532 2045 §130
546 2026 590 2038 =
602 2014 713 2044 bonam
734 2013 923 2052 perspiciet
941 2015 989 2045 vel

298 2057 457 2087 clementia
478 2057 608 2095 faciet,
629 2060 802 2096 utrumque.
851 2056 881 2087 G
894 2071 938 2084 =
951 2067 988 2088 u-

298 2101 415 2139 trique
438 2101 471 2131 in
492 2109 569 2139 quo
600 2102 676 2131 mihi
698 2102 774 2131 eius.
832 2101 857 2132 E
883 2105 917 2139 -Ι-
946 2103 989 2133 in

298 2145 364 2175 eius
395 2145 583 2183 beneficium.
642 2144 672 2174 G
691 2157 734 2170 =
755 2154 802 2176 me
833 2147 988 2177 sciverit

298 2197 372 2219 esse.
419 2189 477 2219 DE
499 2194 542 2215 ὲ
564 2197 613 2220 me
643 2190 794 2220 sciverit
824 2191 888 2220 sive
922 2201 986 2221 om.

298 2241 371 2264 esse.
418 2233 447 2264 D
469 2247 513 2260 =
534 2236 741 2273 pervayante.
794 2234 819 2263 B
841 2251 886 2257 --
909 2244 988 2274 quae

300 2282 377 2308 ante
401 2287 471 2309 cum
494 2288 532 2309 ex
549 2280 627 2317 ipso.
675 2278 895 2317 E=Quem
917 2289 988 2310 cum

299 2331 338 2353 επ
368 2324 447 2361 ipso.
503 2323 565 2356 OEl.
587 2340 629 2345 —
651 2332 722 2354 cum
745 2328 822 2354 ante
853 2332 892 2354 esc
920 2325 989 2363 ipso

301 2372 416 2398 contra
444 2373 546 2398 mstos
574 2365 675 2398 etiam
700 2366 790 2399 Pinc.
817 2367 876 2399 Gr.
931 2368 988 2399 DE

301 2411 396 2443 Rom.
413 2416 448 2450 -l-
467 2421 505 2443 ex
526 2414 594 2451 ipso
616 2413 689 2443 hoe
710 2413 836 2451 anyulo.
883 2410 984 2451 P3.÷

299 2465 338 2487 ex
370 2457 445 2488 boc
472 2458 539 2496 ipso
568 2457 693 2496 angulo.
749 2457 774 2487 B
796 2471 841 2484 =
863 2466 901 2489 ex
922 2459 990 2497 ipso

297 2502 435 2541 angelo.
481 2502 565 2534 V—
578 2511 633 2541 eyo
655 2506 732 2543 post
752 2503 786 2534 in
809 2511 879 2541 quo.

342 2547 500 2586 defixus
521 2555 591 2578 sum
611 2560 656 2574 =
678 2546 829 2577 BGVDE
852 2545 933 2578 Pall.
957 2548 989 2581 ,Ἑ

300 2614 309 2625 .
325 2615 333 2624 .
348 2592 483 2626 ,QQ‘L
552 2590 643 2622 Pinc.
667 2589 733 2622 V.l.
754 2592 823 2622 Ort.
846 2605 890 2618 =
912 2593 989 2632 defi-

298 2645 359 2667 sus
380 2646 459 2668 sum.
506 2634 595 2667 Pinc.
618 2635 656 2667 ci.
683 2635 727 2669 5)Ῐί
739 2658 750 2670 .
764 2660 775 2671 .
789 2658 800 2670 .
812 2637 868 2670 §Ru
879 2637 988 2670 ⁵230=

294 2681 350 2719 def
356 2691 420 2713 oss
431 2691 468 2713 us
497 2690 577 2713 sum.
636 2681 800 2712 V=iam
824 2682 988 2713 multorum

294 2733 457 2757 annorum.
500 2726 650 2758 BGVDE
665 2727 695 2760 z
707 2747 718 2759 ⁴
734 2747 744 2760 0
756 2748 766 2759 .
781 2725 843 2760 (ξῖ.
854 2740 900 2752 =
912 2735 987 2765 quo-

294 2778 449 2809 cumque
472 2772 580 2802 debeat
600 2779 786 2802 succurrere.
818 2771 849 2804 V
865 2774 899 2810 -ἦ-
915 2780 986 2811 ego-

291 2823 366 2853 que
389 2823 510 2846 omnem
532 2823 668 2855 operam.

1035 1921 1145 1955 Schol.
1163 1937 1208 1949 =
1221 1924 1265 1954 ad
1287 1932 1406 1954 omnem
1427 1932 1505 1955 van
1515 1933 1578 1955 um
1598 1933 1724 1964 conspe-

1033 1970 1127 1998 ctum.
1172 1968 1202 1998 D
1218 1967 1336 2010 (cnm)
1358 1982 1404 1996 =
1422 1971 1532 2008 pavet
1560 1978 1636 2008 par
1647 1972 1724 2000 tem

1033 2012 1206 2043 habetur.
1245 2013 1331 2044 G=
1344 2022 1382 2044 ea
1404 2013 1557 2044 deinde
1579 2014 1723 2053 fulmina.

1038 2056 1064 2086 D
1080 2056 1181 2099 (sm.)
1194 2071 1240 2084 =
1250 2059 1386 2098 fulmina
1408 2066 1424 2089 e
1434 2059 1446 2089 i
1456 2067 1502 2089 us
1524 2059 1597 2089 iusi.

1228 2167 1307 2211 Cap.
1330 2169 1423 2201 XIV.
1447 2167 1535 2213 [33.]
1590 2203 1591 2206 Ἰ

1078 2233 1180 2275 Bong.
1205 2244 1245 2264 ex
1269 2233 1339 2266 Cui.
1371 2234 1467 2266 Rom.
1498 2234 1588 2267 Pinc.
1614 2234 1654 2267 ei.
1677 2250 1722 2264 =

1035 2280 1090 2308 aut
1110 2287 1159 2309 me
1186 2280 1324 2310 omina
1345 2280 1469 2319 fallunt.
1514 2280 1721 2323 D(cr.m)=

1034 2324 1099 2353 tam
1132 2332 1296 2362 maynum
1326 2325 1456 2355 vulneri.
1511 2323 1572 2355 BG
1594 2339 1638 2351 =
1657 2329 1722 2357 lam

1034 2375 1148 2406 mayno
1181 2369 1335 2399 vulnere.
1399 2368 1430 2399 G
1449 2381 1495 2395 =
1517 2370 1721 2402 adhibuerit

1031 2412 1181 2443 remedia.
1227 2412 1256 2442 G
1271 2411 1330 2455 (n.)
1347 2417 1381 2450 -ι-
1396 2414 1463 2444 iam
1484 2416 1520 2444 te
1542 2416 1649 2445 omnia
1667 2423 1720 2445 ex-

1033 2457 1147 2495 empla.
1195 2455 1421 2490 GP3.4.ort.
1444 2471 1489 2484 =
1511 2459 1622 2497 quibus
1651 2461 1721 2490 ani-

1033 2501 1078 2531 mi
1100 2502 1270 2540 aequitate
1291 2504 1523 2541 compelleris.
1555 2501 1673 2537 sz.
1686 2526 1696 2537 .
1710 2526 1718 2536 ι

1036 2543 1098 2578 (ξ’ὶ.
1121 2559 1165 2572 =
1182 2547 1293 2585 quibus
1332 2548 1375 2578 ud
1407 2548 1506 2578 animi
1537 2549 1722 2586 aequitatem

1033 2592 1266 2629 compelleris.
1313 2591 1370 2622 DE
1387 2602 1436 2623 ex.
1448 2590 1539 2623 Pinc.
1552 2591 1610 2622 1³2.
1624 2603 1673 2622 ω.

1033 2633 1126 2675 G(cr.
1134 2633 1185 2677 ω)
1196 2649 1242 2662 =
1251 2638 1427 2668 tenacissim
1437 2645 1457 2666 a
1467 2645 1499 2667 m
1513 2638 1640 2679 memori
1647 2646 1668 2668 a
1676 2646 1718 2669 m.

1033 2677 1089 2709 122.
1102 2681 1167 2715 2523
1180 2694 1224 2707 =
1235 2684 1359 2712 assueta
1376 2682 1452 2712 tibi
1472 2681 1632 2720 facundia.
1656 2681 1718 2716 OEl.

1030 2721 1064 2757 2.
1087 2738 1132 2751 =
1154 2727 1328 2765 sapientum
1357 2727 1436 2757 tibi
1466 2726 1618 2765 facundia
1651 2736 1715 2757 om.

1030 2769 1171 2801 adsueta.
1219 2770 1465 2810 E=facundia
1487 2771 1662 2810 applicuit.
