<?xml version="1.0" encoding="UTF-8"?>
<!DOCTYPE html PUBLIC "-//W3C//DTD XHTML 1.0 Transitional//EN"
    "http://www.w3.org/TR/xhtml1/DTD/xhtml1-transitional.dtd">
<html xmlns="http://www.w3.org/1999/xhtml" xml:lang="en" lang="en">
 <head>
  <title>
</title>
<meta http-equiv="Content-Type" content="text/html;charset=utf-8" />
  <meta name='ocr-system' content='tesseract 3.04.00' />
  <meta name='ocr-capabilities' content='ocr_page ocr_carea ocr_par ocr_line ocrx_word'/>
</head>
<body>
  <div class='ocr_page' id='page_1' title='image "./operasene03seneuoft_0336.png"; bbox 0 0 1812 3184; ppageno 0'>
   <div class='ocr_carea' id='block_1_1' title="bbox 242 211 1712 1653">
    <p class='ocr_par' dir='ltr' id='par_1_1' title="bbox 242 211 1712 1653">
     <span class='ocr_line' id='line_1_1' title="bbox 280 211 1168 258; baseline 0.003 -3"><span class='ocrx_word' id='word_1_1' title='bbox 280 211 364 255; x_wconf 85' lang='lat'>316</span> <span class='ocrx_word' id='word_1_2' title='bbox 816 215 884 255; x_wconf 90' lang='lat' dir='ltr'>AD</span> <span class='ocrx_word' id='word_1_3' title='bbox 917 217 1168 258; x_wconf 88' lang='lat' dir='ltr'><strong>POLYBIUM</strong></span> 
     </span>
     <span class='ocr_line' id='line_1_2' title="bbox 279 324 1712 374; baseline 0.008 -10"><span class='ocrx_word' id='word_1_4' title='bbox 279 324 548 366; x_wconf 86' lang='lat' dir='ltr'>condicionem</span> <span class='ocrx_word' id='word_1_5' title='bbox 569 333 732 367; x_wconf 89' lang='lat' dir='ltr'>naturae</span> <span class='ocrx_word' id='word_1_6' title='bbox 755 327 884 369; x_wconf 85' lang='lat' dir='ltr'>omnia</span> <span class='ocrx_word' id='word_1_7' title='bbox 907 328 1144 370; x_wconf 89' lang='lat' dir='ltr'>destruentis</span> <span class='ocrx_word' id='word_1_8' title='bbox 1163 336 1203 371; x_wconf 89' lang='lat' dir='ltr'>et</span> <span class='ocrx_word' id='word_1_9' title='bbox 1228 331 1328 372; x_wconf 90' lang='lat' dir='ltr'>unde</span> <span class='ocrx_word' id='word_1_10' title='bbox 1349 331 1470 373; x_wconf 89' lang='lat' dir='ltr'>edidit</span> <span class='ocrx_word' id='word_1_11' title='bbox 1491 333 1627 374; x_wconf 87' lang='lat' dir='ltr'>eodem</span> <span class='ocrx_word' id='word_1_12' title='bbox 1647 345 1712 374; x_wconf 90' lang='lat' dir='ltr'>re-</span> 
     </span>
     <span class='ocr_line' id='line_1_3' title="bbox 280 388 1712 449; baseline 0.008 -18"><span class='ocrx_word' id='word_1_13' title='bbox 280 388 480 443; x_wconf 71' lang='lat' dir='ltr'>meantis,</span> <span class='ocrx_word' id='word_1_14' title='bbox 524 394 668 434; x_wconf 88' lang='lat' dir='ltr'>caduca</span> <span class='ocrx_word' id='word_1_15' title='bbox 696 401 800 435; x_wconf 89' lang='lat' dir='ltr'>sunt.</span> <span class='ocrx_word' id='word_1_16' title='bbox 863 393 967 449; x_wconf 84' lang='lat' dir='ltr'><strong>Quid</strong></span> <span class='ocrx_word' id='word_1_17' title='bbox 1000 396 1101 437; x_wconf 90' lang='lat' dir='ltr'>enim</span> <span class='ocrx_word' id='word_1_18' title='bbox 1129 396 1333 439; x_wconf 87' lang='lat' dir='ltr'>inmortale</span> <span class='ocrx_word' id='word_1_19' title='bbox 1362 392 1498 440; x_wconf 79' lang='lat' dir='ltr'>manus</span> <span class='ocrx_word' id='word_1_20' title='bbox 1530 399 1712 442; x_wconf 79' lang='lat' dir='ltr'>mortales</span> 
     </span>
     <span class='ocr_line' id='line_1_4' title="bbox 279 452 1712 518; baseline 0.007 -20"><span class='ocrx_word' id='word_1_21' title='bbox 279 458 475 500; x_wconf 83' lang='lat' dir='ltr'>fecerint?</span> <span class='ocrx_word' id='word_1_22' title='bbox 532 458 692 515; x_wconf 84' lang='lat' dir='ltr'>Septem</span> <span class='ocrx_word' id='word_1_23' title='bbox 714 461 778 501; x_wconf 87' lang='lat' dir='ltr'>illa</span> <span class='ocrx_word' id='word_1_24' title='bbox 803 452 990 503; x_wconf 88' lang='lat' dir='ltr'>miracula</span> <span class='ocrx_word' id='word_1_25' title='bbox 1013 470 1053 504; x_wconf 87' lang='lat' dir='ltr'>et</span> <span class='ocrx_word' id='word_1_26' title='bbox 1075 464 1108 504; x_wconf 89' lang='lat' dir='ltr'>si</span> <span class='ocrx_word' id='word_1_27' title='bbox 1133 477 1207 518; x_wconf 89' lang='lat' dir='ltr'>qua</span> <span class='ocrx_word' id='word_1_28' title='bbox 1234 464 1293 505; x_wconf 90' lang='lat' dir='ltr'>his</span> <span class='ocrx_word' id='word_1_29' title='bbox 1323 465 1443 506; x_wconf 87' lang='lat' dir='ltr'>multo</span> <span class='ocrx_word' id='word_1_30' title='bbox 1474 466 1712 508; x_wconf 75' lang='lat' dir='ltr'>mirabiliora</span> 
     </span>
     <span class='ocr_line' id='line_1_5' title="bbox 277 526 1711 588; baseline 0.007 -23"><span class='ocrx_word' id='word_1_31' title='bbox 277 526 521 580; x_wconf 89' lang='lat' dir='ltr'>sequentium</span> <span class='ocrx_word' id='word_1_32' title='bbox 554 541 743 569; x_wconf 90' lang='lat' dir='ltr'>annorum</span> <span class='ocrx_word' id='word_1_33' title='bbox 775 529 974 570; x_wconf 73' lang='lat' dir='ltr'>exstruxit</span> <span class='ocrx_word' id='word_1_34' title='bbox 1006 530 1164 571; x_wconf 78' lang='lat' dir='ltr'>ambitio</span> <span class='ocrx_word' id='word_1_35' title='bbox 1197 531 1399 585; x_wconf 85' lang='lat' dir='ltr'>aliquando</span> <span class='ocrx_word' id='word_1_36' title='bbox 1430 532 1515 573; x_wconf 90' lang='lat' dir='ltr'>solo</span> <span class='ocrx_word' id='word_1_37' title='bbox 1544 540 1711 588; x_wconf 86' lang='lat' dir='ltr'>aequata</span> 
     </span>
     <span class='ocr_line' id='line_1_6' title="bbox 279 592 1710 652; baseline 0.006 -19"><span class='ocrx_word' id='word_1_38' title='bbox 279 593 468 634; x_wconf 86' lang='lat' dir='ltr'>uisentur.</span> <span class='ocrx_word' id='word_1_39' title='bbox 522 592 581 635; x_wconf 82' lang='lat' dir='ltr'>Ita</span> <span class='ocrx_word' id='word_1_40' title='bbox 605 602 679 646; x_wconf 89' lang='lat' dir='ltr'>est,</span> <span class='ocrx_word' id='word_1_41' title='bbox 713 595 807 636; x_wconf 90' lang='lat' dir='ltr'>nihil</span> <span class='ocrx_word' id='word_1_42' title='bbox 830 603 1071 651; x_wconf 90' lang='lat' dir='ltr'>perpetuum,</span> <span class='ocrx_word' id='word_1_43' title='bbox 1105 612 1226 652; x_wconf 88' lang='lat' dir='ltr'>pauca</span> <span class='ocrx_word' id='word_1_44' title='bbox 1249 598 1428 640; x_wconf 89' lang='lat' dir='ltr'>diuturna</span> <span class='ocrx_word' id='word_1_45' title='bbox 1450 595 1556 640; x_wconf 80' lang='lat' dir='ltr'>sunt.</span> <span class='ocrx_word' id='word_1_46' title='bbox 1590 600 1710 651; x_wconf 79' lang='lat' dir='ltr'>¹aliud</span> 
     </span>
     <span class='ocr_line' id='line_1_7' title="bbox 278 659 1710 722; baseline 0.006 -23"><span class='ocrx_word' id='word_1_47' title='bbox 278 659 354 700; x_wconf 92' lang='lat' dir='ltr'>alio</span> <span class='ocrx_word' id='word_1_48' title='bbox 376 661 490 700; x_wconf 90' lang='lat' dir='ltr'>modo</span> <span class='ocrx_word' id='word_1_49' title='bbox 515 662 650 716; x_wconf 72' lang='lat' dir='ltr'>fragile</span> <span class='ocrx_word' id='word_1_50' title='bbox 673 669 747 703; x_wconf 93' lang='lat' dir='ltr'>est.</span> <span class='ocrx_word' id='word_1_51' title='bbox 810 677 939 704; x_wconf 88' lang='lat' dir='ltr'>rerum</span> <span class='ocrx_word' id='word_1_52' title='bbox 971 664 1101 705; x_wconf 80' lang='lat' dir='ltr'>exitus</span> <span class='ocrx_word' id='word_1_53' title='bbox 1131 664 1358 716; x_wconf 86' lang='lat' dir='ltr'>uariantur,</span> <span class='ocrx_word' id='word_1_54' title='bbox 1405 673 1577 708; x_wconf 85' lang='lat' dir='ltr'>ceterum</span> <span class='ocrx_word' id='word_1_55' title='bbox 1604 666 1710 722; x_wconf 89' lang='lat' dir='ltr'>quic-</span> 
     </span>
     <span class='ocr_line' id='line_1_8' title="bbox 242 727 1709 786; baseline 0.004 -18"><span class='ocrx_word' id='word_1_56' title='bbox 242 740 259 768; x_wconf 80' lang='lat'>2</span> <span class='ocrx_word' id='word_1_57' title='bbox 278 727 366 781; x_wconf 91' lang='lat' dir='ltr'>quid</span> <span class='ocrx_word' id='word_1_58' title='bbox 387 728 515 783; x_wconf 89' lang='lat' dir='ltr'>coepit</span> <span class='ocrx_word' id='word_1_59' title='bbox 534 736 573 769; x_wconf 88' lang='lat' dir='ltr'>et</span> <span class='ocrx_word' id='word_1_60' title='bbox 595 729 750 770; x_wconf 81' lang='lat' dir='ltr'>desinit.</span> <span class='ocrx_word' id='word_1_61' title='bbox 796 728 948 772; x_wconf 90' lang='lat' dir='ltr'>Mundo</span> <span class='ocrx_word' id='word_1_62' title='bbox 970 731 1122 786; x_wconf 91' lang='lat' dir='ltr'>quidam</span> <span class='ocrx_word' id='word_1_63' title='bbox 1144 731 1340 773; x_wconf 85' lang='lat' dir='ltr'>minantur</span> <span class='ocrx_word' id='word_1_64' title='bbox 1361 732 1559 774; x_wconf 85' lang='lat' dir='ltr'>interitum</span> <span class='ocrx_word' id='word_1_65' title='bbox 1578 740 1618 775; x_wconf 86' lang='lat' dir='ltr'>et</span> <span class='ocrx_word' id='word_1_66' title='bbox 1637 733 1709 774; x_wconf 90' lang='lat' dir='ltr'>hoc</span> 
     </span>
     <span class='ocr_line' id='line_1_9' title="bbox 276 794 1708 854; baseline 0.005 -20"><span class='ocrx_word' id='word_1_67' title='bbox 276 794 501 835; x_wconf 91' lang='lat' dir='ltr'>uniuersum</span> <span class='ocrx_word' id='word_1_68' title='bbox 533 797 634 850; x_wconf 94' lang='lat' dir='ltr'>quod</span> <span class='ocrx_word' id='word_1_69' title='bbox 669 797 799 838; x_wconf 82' lang='lat' dir='ltr'>onmia</span> <span class='ocrx_word' id='word_1_70' title='bbox 834 797 964 838; x_wconf 89' lang='lat' dir='ltr'>diuina</span> <span class='ocrx_word' id='word_1_71' title='bbox 995 797 1236 853; x_wconf 86' lang='lat' dir='ltr'>humanaque</span> <span class='ocrx_word' id='word_1_72' title='bbox 1267 799 1546 854; x_wconf 79' lang='lat' dir='ltr'>conplectitur,</span> <span class='ocrx_word' id='word_1_73' title='bbox 1589 800 1624 842; x_wconf 89' lang='lat' dir='ltr'>si</span> <span class='ocrx_word' id='word_1_74' title='bbox 1649 801 1708 841; x_wconf 79' lang='lat' dir='ltr'>fas</span> 
     </span>
     <span class='ocr_line' id='line_1_10' title="bbox 275 863 1707 919; baseline 0.005 -18"><span class='ocrx_word' id='word_1_75' title='bbox 275 867 386 915; x_wconf 88' lang='lat' dir='ltr'>putas</span> <span class='ocrx_word' id='word_1_76' title='bbox 409 863 594 913; x_wconf 53' lang='lat' dir='ltr'>credere²</span> <span class='ocrx_word' id='word_1_77' title='bbox 628 863 709 904; x_wconf 91' lang='lat' dir='ltr'>dies</span> <span class='ocrx_word' id='word_1_78' title='bbox 733 864 870 918; x_wconf 87' lang='lat' dir='ltr'>aliquis</span> <span class='ocrx_word' id='word_1_79' title='bbox 895 864 1096 919; x_wconf 80' lang='lat' dir='ltr'>dissipabit</span> <span class='ocrx_word' id='word_1_80' title='bbox 1119 871 1157 906; x_wconf 91' lang='lat' dir='ltr'>et</span> <span class='ocrx_word' id='word_1_81' title='bbox 1179 865 1219 906; x_wconf 92' lang='lat' dir='ltr'>in</span> <span class='ocrx_word' id='word_1_82' title='bbox 1242 866 1511 907; x_wconf 83' lang='lat' dir='ltr'>confusionem</span> <span class='ocrx_word' id='word_1_83' title='bbox 1533 873 1707 908; x_wconf 89' lang='lat' dir='ltr'>ueterem</span> 
     </span>
     <span class='ocr_line' id='line_1_11' title="bbox 276 928 1708 988; baseline 0.004 -20"><span class='ocrx_word' id='word_1_84' title='bbox 276 928 534 984; x_wconf 79' lang='lat' dir='ltr'>tenebrasque</span> <span class='ocrx_word' id='word_1_85' title='bbox 567 930 781 984; x_wconf 80' lang='lat' dir='ltr'>demerget.</span> <span class='ocrx_word' id='word_1_86' title='bbox 841 929 920 971; x_wconf 88' lang='lat' dir='ltr'>Eat</span> <span class='ocrx_word' id='word_1_87' title='bbox 941 946 1043 972; x_wconf 90' lang='lat' dir='ltr'>nunc</span> <span class='ocrx_word' id='word_1_88' title='bbox 1067 931 1202 986; x_wconf 90' lang='lat' dir='ltr'>aliquis</span> <span class='ocrx_word' id='word_1_89' title='bbox 1232 939 1272 972; x_wconf 89' lang='lat' dir='ltr'>et</span> <span class='ocrx_word' id='word_1_90' title='bbox 1301 931 1474 986; x_wconf 86' lang='lat' dir='ltr'>singulas</span> <span class='ocrx_word' id='word_1_91' title='bbox 1506 933 1708 988; x_wconf 85' lang='lat' dir='ltr'>conploret</span> 
     </span>
     <span class='ocr_line' id='line_1_12' title="bbox 274 994 1709 1052; baseline 0.004 -17"><span class='ocrx_word' id='word_1_92' title='bbox 274 995 440 1036; x_wconf 89' lang='lat' dir='ltr'>animas.</span> <span class='ocrx_word' id='word_1_93' title='bbox 519 994 771 1051; x_wconf 85' lang='lat' dir='ltr'>Carthaginis</span> <span class='ocrx_word' id='word_1_94' title='bbox 812 1011 858 1038; x_wconf 87' lang='lat' dir='ltr'>ac</span> <span class='ocrx_word' id='word_1_95' title='bbox 895 996 1133 1038; x_wconf 83' lang='lat' dir='ltr'>Numantiae</span> <span class='ocrx_word' id='word_1_96' title='bbox 1173 996 1431 1052; x_wconf 89' lang='lat' dir='ltr'>Corinthique</span> <span class='ocrx_word' id='word_1_97' title='bbox 1466 999 1639 1040; x_wconf 85' lang='lat' dir='ltr'>cinerem</span> <span class='ocrx_word' id='word_1_98' title='bbox 1668 1006 1709 1041; x_wconf 87' lang='lat' dir='ltr'>et.</span> 
     </span>
     <span class='ocr_line' id='line_1_13' title="bbox 273 1061 1710 1119; baseline 0.004 -18"><span class='ocrx_word' id='word_1_99' title='bbox 273 1061 305 1101; x_wconf 92' lang='lat' dir='ltr'>si</span> <span class='ocrx_word' id='word_1_100' title='bbox 327 1062 414 1115; x_wconf 91' lang='lat' dir='ltr'>quid</span> <span class='ocrx_word' id='word_1_101' title='bbox 438 1062 553 1102; x_wconf 91' lang='lat' dir='ltr'>altius</span> <span class='ocrx_word' id='word_1_102' title='bbox 575 1063 715 1103; x_wconf 86' lang='lat' dir='ltr'>cecidit</span> <span class='ocrx_word' id='word_1_103' title='bbox 737 1063 994 1115; x_wconf 81' lang='lat' dir='ltr'>lamentetur,</span> <span class='ocrx_word' id='word_1_104' title='bbox 1027 1078 1112 1104; x_wconf 91' lang='lat' dir='ltr'>cum</span> <span class='ocrx_word' id='word_1_105' title='bbox 1135 1064 1251 1104; x_wconf 88' lang='lat' dir='ltr'>etiam</span> <span class='ocrx_word' id='word_1_106' title='bbox 1274 1064 1347 1105; x_wconf 91' lang='lat' dir='ltr'>hoc</span> <span class='ocrx_word' id='word_1_107' title='bbox 1370 1065 1471 1119; x_wconf 89' lang='lat' dir='ltr'>quod</span> <span class='ocrx_word' id='word_1_108' title='bbox 1493 1079 1574 1107; x_wconf 83' lang='lat' dir='ltr'>non</span> <span class='ocrx_word' id='word_1_109' title='bbox 1592 1065 1710 1107; x_wconf 85' lang='lat' dir='ltr'>habet</span> 
     </span>
     <span class='ocr_line' id='line_1_14' title="bbox 270 1128 1705 1188; baseline 0.005 -21"><span class='ocrx_word' id='word_1_110' title='bbox 270 1141 346 1181; x_wconf 91' lang='lat' dir='ltr'>quo</span> <span class='ocrx_word' id='word_1_111' title='bbox 370 1128 483 1168; x_wconf 85' lang='lat' dir='ltr'>cadat</span> <span class='ocrx_word' id='word_1_112' title='bbox 503 1129 554 1169; x_wconf 87' lang='lat' dir='ltr'>sit</span> <span class='ocrx_word' id='word_1_113' title='bbox 575 1129 837 1170; x_wconf 88' lang='lat' dir='ltr'>interiturum.</span> <span class='ocrx_word' id='word_1_114' title='bbox 898 1128 977 1171; x_wconf 88' lang='lat' dir='ltr'>Eat</span> <span class='ocrx_word' id='word_1_115' title='bbox 998 1130 1137 1185; x_wconf 86' lang='lat' dir='ltr'>aliquis</span> <span class='ocrx_word' id='word_1_116' title='bbox 1159 1137 1199 1172; x_wconf 86' lang='lat' dir='ltr'>et</span> <span class='ocrx_word' id='word_1_117' title='bbox 1223 1132 1300 1172; x_wconf 85' lang='lat' dir='ltr'>fata</span> <span class='ocrx_word' id='word_1_118' title='bbox 1323 1138 1472 1173; x_wconf 81' lang='lat' dir='ltr'>tantum</span> <span class='ocrx_word' id='word_1_119' title='bbox 1497 1132 1705 1188; x_wconf 83' lang='lat' dir='ltr'>aliquando</span> 
     </span>
     <span class='ocr_line' id='line_1_15' title="bbox 272 1195 1705 1254; baseline 0.005 -20"><span class='ocrx_word' id='word_1_120' title='bbox 272 1195 383 1235; x_wconf 84' lang='lat' dir='ltr'>nefas</span> <span class='ocrx_word' id='word_1_121' title='bbox 408 1208 551 1236; x_wconf 89' lang='lat' dir='ltr'>ausura</span> <span class='ocrx_word' id='word_1_122' title='bbox 575 1196 647 1236; x_wconf 91' lang='lat' dir='ltr'>sibi</span> <span class='ocrx_word' id='word_1_123' title='bbox 671 1211 749 1237; x_wconf 91' lang='lat' dir='ltr'>non</span> <span class='ocrx_word' id='word_1_124' title='bbox 778 1197 1000 1253; x_wconf 86' lang='lat' dir='ltr'>pepercisse</span> <span class='ocrx_word' id='word_1_125' title='bbox 1032 1205 1309 1252; x_wconf 85' lang='lat' dir='ltr'>conqueratur.</span> <span class='ocrx_word' id='word_1_126' title='bbox 1370 1197 1426 1239; x_wconf 87' lang='lat' dir='ltr'>Il.</span> <span class='ocrx_word' id='word_1_127' title='bbox 1461 1199 1573 1254; x_wconf 79' lang='lat'>[21.]</span> <span class='ocrx_word' id='word_1_128' title='bbox 1605 1198 1705 1254; x_wconf 79' lang='lat' dir='ltr'>Quis</span> 
     </span>
     <span class='ocr_line' id='line_1_16' title="bbox 271 1263 1704 1319; baseline 0.004 -17"><span class='ocrx_word' id='word_1_129' title='bbox 271 1269 351 1302; x_wconf 84' lang='lat' dir='ltr'>tam</span> <span class='ocrx_word' id='word_1_130' title='bbox 379 1263 570 1317; x_wconf 86' lang='lat' dir='ltr'>superbae</span> <span class='ocrx_word' id='word_1_131' title='bbox 598 1263 885 1319; x_wconf 87' lang='lat' dir='ltr'>inpotentisque</span> <span class='ocrx_word' id='word_1_132' title='bbox 914 1265 1165 1319; x_wconf 83' lang='lat' dir='ltr'>adrogantiae</span> <span class='ocrx_word' id='word_1_133' title='bbox 1192 1272 1277 1317; x_wconf 87' lang='lat' dir='ltr'>est,</span> <span class='ocrx_word' id='word_1_134' title='bbox 1320 1266 1423 1307; x_wconf 91' lang='lat' dir='ltr'>utin</span> <span class='ocrx_word' id='word_1_135' title='bbox 1445 1266 1516 1308; x_wconf 89' lang='lat' dir='ltr'>hac</span> <span class='ocrx_word' id='word_1_136' title='bbox 1535 1267 1704 1308; x_wconf 74' lang='lat' dir='ltr'>‘naturae</span> 
     </span>
     <span class='ocr_line' id='line_1_17' title="bbox 272 1329 1704 1374; baseline 0.003 -5"><span class='ocrx_word' id='word_1_137' title='bbox 272 1329 507 1370; x_wconf 79' lang='lat' dir='ltr'>necessitate</span> <span class='ocrx_word' id='word_1_138' title='bbox 531 1331 659 1371; x_wconf 88' lang='lat' dir='ltr'>omnia</span> <span class='ocrx_word' id='word_1_139' title='bbox 681 1331 727 1371; x_wconf 89' lang='lat' dir='ltr'>ad</span> <span class='ocrx_word' id='word_1_140' title='bbox 753 1332 931 1372; x_wconf 91' lang='lat' dir='ltr'>eumdem</span> <span class='ocrx_word' id='word_1_141' title='bbox 957 1332 1072 1372; x_wconf 89' lang='lat' dir='ltr'>finem</span> <span class='ocrx_word' id='word_1_142' title='bbox 1090 1332 1315 1372; x_wconf 89' lang='lat' dir='ltr'>reuocantis</span> <span class='ocrx_word' id='word_1_143' title='bbox 1337 1346 1381 1373; x_wconf 93' lang='lat' dir='ltr'>se</span> <span class='ocrx_word' id='word_1_144' title='bbox 1403 1347 1520 1374; x_wconf 89' lang='lat' dir='ltr'>unum</span> <span class='ocrx_word' id='word_1_145' title='bbox 1543 1347 1588 1374; x_wconf 86' lang='lat' dir='ltr'>ac</span> <span class='ocrx_word' id='word_1_146' title='bbox 1609 1346 1704 1374; x_wconf 89' lang='lat' dir='ltr'>suos</span> 
     </span>
     <span class='ocr_line' id='line_1_18' title="bbox 272 1394 1703 1454; baseline 0.003 -18"><span class='ocrx_word' id='word_1_147' title='bbox 272 1396 408 1450; x_wconf 89' lang='lat' dir='ltr'>seponi</span> <span class='ocrx_word' id='word_1_148' title='bbox 439 1394 534 1437; x_wconf 82' lang='lat' dir='ltr'>uelit</span> <span class='ocrx_word' id='word_1_149' title='bbox 562 1398 774 1451; x_wconf 78' lang='lat' dir='ltr'>minaeque</span> <span class='ocrx_word' id='word_1_150' title='bbox 805 1398 921 1438; x_wconf 87' lang='lat' dir='ltr'>etiam</span> <span class='ocrx_word' id='word_1_151' title='bbox 950 1398 1023 1452; x_wconf 90' lang='lat' dir='ltr'>ipsi</span> <span class='ocrx_word' id='word_1_152' title='bbox 1052 1398 1196 1439; x_wconf 90' lang='lat' dir='ltr'>mundo</span> <span class='ocrx_word' id='word_1_153' title='bbox 1219 1398 1423 1440; x_wconf 88' lang='lat' dir='ltr'>inminenti</span> <span class='ocrx_word' id='word_1_154' title='bbox 1446 1399 1612 1454; x_wconf 83' lang='lat' dir='ltr'>aliquam</span> <span class='ocrx_word' id='word_1_155' title='bbox 1635 1400 1703 1440; x_wconf 88' lang='lat' dir='ltr'>do-</span> 
     </span>
     <span class='ocr_line' id='line_1_19' title="bbox 271 1462 1703 1520; baseline 0.003 -18"><span class='ocrx_word' id='word_1_156' title='bbox 271 1476 373 1502; x_wconf 91' lang='lat' dir='ltr'>mum</span> <span class='ocrx_word' id='word_1_157' title='bbox 402 1463 632 1504; x_wconf 85' lang='lat' dir='ltr'>subtrahat?</span> <span class='ocrx_word' id='word_1_158' title='bbox 687 1462 906 1505; x_wconf 79' lang='lat' dir='ltr'>Maximum</span> <span class='ocrx_word' id='word_1_159' title='bbox 940 1478 1034 1519; x_wconf 85' lang='lat' dir='ltr'>ergo</span> <span class='ocrx_word' id='word_1_160' title='bbox 1067 1465 1244 1506; x_wconf 85' lang='lat' dir='ltr'>solatium</span> <span class='ocrx_word' id='word_1_161' title='bbox 1280 1472 1341 1506; x_wconf 90' lang='lat' dir='ltr'>est</span> <span class='ocrx_word' id='word_1_162' title='bbox 1370 1465 1543 1520; x_wconf 84' lang='lat' dir='ltr'>cogitare</span> <span class='ocrx_word' id='word_1_163' title='bbox 1567 1465 1606 1507; x_wconf 89' lang='lat' dir='ltr'>id</span> <span class='ocrx_word' id='word_1_164' title='bbox 1629 1466 1703 1507; x_wconf 91' lang='lat' dir='ltr'>sibi</span> 
     </span>
     <span class='ocr_line' id='line_1_20' title="bbox 269 1528 1705 1587; baseline 0.004 -19"><span class='ocrx_word' id='word_1_165' title='bbox 269 1528 459 1570; x_wconf 88' lang='lat' dir='ltr'>accidisse</span> <span class='ocrx_word' id='word_1_166' title='bbox 483 1531 581 1584; x_wconf 89' lang='lat' dir='ltr'>quod</span> <span class='ocrx_word' id='word_1_167' title='bbox 606 1537 696 1571; x_wconf 86' lang='lat' dir='ltr'>ante</span> <span class='ocrx_word' id='word_1_168' title='bbox 720 1544 763 1572; x_wconf 91' lang='lat' dir='ltr'>se</span> <span class='ocrx_word' id='word_1_169' title='bbox 786 1531 890 1586; x_wconf 89' lang='lat' dir='ltr'>passi</span> <span class='ocrx_word' id='word_1_170' title='bbox 915 1538 1007 1572; x_wconf 88' lang='lat' dir='ltr'>sunt</span> <span class='ocrx_word' id='word_1_171' title='bbox 1037 1545 1172 1572; x_wconf 89' lang='lat' dir='ltr'>omnes</span> <span class='ocrx_word' id='word_1_172' title='bbox 1203 1545 1415 1586; x_wconf 88' lang='lat' dir='ltr'>omnesque</span> <span class='ocrx_word' id='word_1_173' title='bbox 1447 1532 1623 1587; x_wconf 84' lang='lat' dir='ltr'>passuri:</span> <span class='ocrx_word' id='word_1_174' title='bbox 1664 1539 1705 1574; x_wconf 86' lang='lat' dir='ltr'>et</span> 
     </span>
     <span class='ocr_line' id='line_1_21' title="bbox 270 1595 1703 1653; baseline 0.003 -17"><span class='ocrx_word' id='word_1_175' title='bbox 270 1595 358 1636; x_wconf 91' lang='lat' dir='ltr'>ideo</span> <span class='ocrx_word' id='word_1_176' title='bbox 391 1597 484 1637; x_wconf 91' lang='lat' dir='ltr'>mihi</span> <span class='ocrx_word' id='word_1_177' title='bbox 512 1597 666 1638; x_wconf 89' lang='lat' dir='ltr'>uidetur</span> <span class='ocrx_word' id='word_1_178' title='bbox 694 1612 826 1639; x_wconf 91' lang='lat' dir='ltr'>rerum</span> <span class='ocrx_word' id='word_1_179' title='bbox 847 1605 985 1639; x_wconf 91' lang='lat' dir='ltr'>natura</span> <span class='ocrx_word' id='word_1_180' title='bbox 1009 1599 1111 1653; x_wconf 90' lang='lat' dir='ltr'>quod</span> <span class='ocrx_word' id='word_1_181' title='bbox 1132 1598 1404 1653; x_wconf 83' lang='lat' dir='ltr'>grauissimum</span> <span class='ocrx_word' id='word_1_182' title='bbox 1428 1599 1575 1640; x_wconf 79' lang='lat' dir='ltr'>fecerat</span> <span class='ocrx_word' id='word_1_183' title='bbox 1598 1612 1703 1640; x_wconf 91' lang='lat' dir='ltr'>com-</span> 
     </span>
    </p>
   </div>
   <div class='ocr_carea' id='block_1_2' title="bbox 267 1721 965 2875">
    <p class='ocr_par' dir='ltr' id='par_1_2' title="bbox 269 1721 965 2644">
     <span class='ocr_line' id='line_1_22' title="bbox 270 1721 965 1761; baseline 0.001 -8"><span class='ocrx_word' id='word_1_184' title='bbox 270 1730 320 1753; x_wconf 87' lang='lat' dir='ltr'>ra</span> <span class='ocrx_word' id='word_1_185' title='bbox 354 1721 391 1751; x_wconf 82' lang='lat' dir='ltr'>si</span> <span class='ocrx_word' id='word_1_186' title='bbox 421 1721 535 1752; x_wconf 79' lang='lat' dir='ltr'>inter</span> <span class='ocrx_word' id='word_1_187' title='bbox 569 1729 610 1752; x_wconf 88' lang='lat' dir='ltr'>se</span> <span class='ocrx_word' id='word_1_188' title='bbox 633 1730 801 1761; x_wconf 82' lang='lat' dir='ltr'>compares.</span> <span class='ocrx_word' id='word_1_189' title='bbox 847 1721 965 1756; x_wconf 66' lang='lat' dir='ltr'>sm...</span> 
     </span>
     <span class='ocr_line' id='line_1_23' title="bbox 271 1767 963 1807; baseline 0.001 -11"><span class='ocrx_word' id='word_1_190' title='bbox 271 1767 324 1800; x_wconf 62' lang='lat' dir='ltr'>Qu</span> <span class='ocrx_word' id='word_1_191' title='bbox 345 1779 391 1792; x_wconf 88' lang='lat'>=</span> <span class='ocrx_word' id='word_1_192' title='bbox 413 1768 531 1796; x_wconf 78' lang='lat' dir='ltr'>nostra</span> <span class='ocrx_word' id='word_1_193' title='bbox 553 1775 737 1805; x_wconf 81' lang='lat' dir='ltr'>corp-ora</span> <span class='ocrx_word' id='word_1_194' title='bbox 758 1775 917 1806; x_wconf 83' lang='lat' dir='ltr'>compares</span> <span class='ocrx_word' id='word_1_195' title='bbox 940 1767 963 1807; x_wconf 75' lang='lat' dir='ltr'>f.</span> 
     </span>
     <span class='ocr_line' id='line_1_24' title="bbox 272 1810 965 1850; baseline 0 -8"><span class='ocrx_word' id='word_1_196' title='bbox 272 1820 297 1842; x_wconf 87' lang='lat' dir='ltr'>s.</span> <span class='ocrx_word' id='word_1_197' title='bbox 344 1810 370 1840; x_wconf 91' lang='lat' dir='ltr'>B</span> <span class='ocrx_word' id='word_1_198' title='bbox 390 1824 437 1836; x_wconf 89' lang='lat'>=</span> <span class='ocrx_word' id='word_1_199' title='bbox 454 1811 543 1842; x_wconf 79' lang='lat' dir='ltr'>sire</span> <span class='ocrx_word' id='word_1_200' title='bbox 566 1811 721 1850; x_wconf 79' lang='lat' dir='ltr'>di9nas</span> <span class='ocrx_word' id='word_1_201' title='bbox 745 1812 788 1842; x_wconf 83' lang='lat' dir='ltr'>ad</span> <span class='ocrx_word' id='word_1_202' title='bbox 812 1811 965 1842; x_wconf 82' lang='lat' dir='ltr'>condicio-</span> 
     </span>
     <span class='ocr_line' id='line_1_25' title="bbox 272 1854 964 1895; baseline 0 -9"><span class='ocrx_word' id='word_1_203' title='bbox 272 1864 352 1886; x_wconf 84' lang='lat' dir='ltr'>nem.</span> <span class='ocrx_word' id='word_1_204' title='bbox 402 1854 524 1886; x_wconf 83' lang='lat' dir='ltr'>G=si</span> <span class='ocrx_word' id='word_1_205' title='bbox 546 1864 627 1886; x_wconf 85' lang='lat' dir='ltr'>rem</span> <span class='ocrx_word' id='word_1_206' title='bbox 654 1856 831 1895; x_wconf 75' lang='lat' dir='ltr'>diynam</span> <span class='ocrx_word' id='word_1_207' title='bbox 854 1864 875 1886; x_wconf 90' lang='lat' dir='ltr'>a</span> <span class='ocrx_word' id='word_1_208' title='bbox 892 1865 964 1886; x_wconf 84' lang='lat' dir='ltr'>con-</span> 
     </span>
     <span class='ocr_line' id='line_1_26' title="bbox 271 1897 963 1941; baseline 0.001 -11"><span class='ocrx_word' id='word_1_209' title='bbox 271 1900 375 1930; x_wconf 84' lang='lat' dir='ltr'>dicion</span> <span class='ocrx_word' id='word_1_210' title='bbox 386 1908 401 1930; x_wconf 86' lang='lat' dir='ltr'>e</span> <span class='ocrx_word' id='word_1_211' title='bbox 422 1902 565 1930; x_wconf 79' lang='lat' dir='ltr'>naturae.</span> <span class='ocrx_word' id='word_1_212' title='bbox 612 1897 669 1931; x_wconf 82' lang='lat' dir='ltr'>P4.</span> <span class='ocrx_word' id='word_1_213' title='bbox 684 1914 730 1927; x_wconf 87' lang='lat'>=</span> <span class='ocrx_word' id='word_1_214' title='bbox 741 1901 769 1931; x_wconf 85' lang='lat' dir='ltr'>si</span> <span class='ocrx_word' id='word_1_215' title='bbox 788 1909 828 1931; x_wconf 83' lang='lat' dir='ltr'>re</span> <span class='ocrx_word' id='word_1_216' title='bbox 840 1909 871 1941; x_wconf 85' lang='lat' dir='ltr'>m</span> <span class='ocrx_word' id='word_1_217' title='bbox 895 1901 937 1930; x_wconf 77' lang='lat' dir='ltr'>di</span> <span class='ocrx_word' id='word_1_218' title='bbox 949 1917 963 1923; x_wconf 93' lang='lat'>-</span> 
     </span>
     <span class='ocr_line' id='line_1_27' title="bbox 270 1943 964 1984; baseline 0.001 -10"><span class='ocrx_word' id='word_1_219' title='bbox 270 1954 290 1984; x_wconf 78' lang='lat'><strong><em>9</em></strong></span> <span class='ocrx_word' id='word_1_220' title='bbox 302 1953 396 1975; x_wconf 87' lang='lat' dir='ltr'>nam</span> <span class='ocrx_word' id='word_1_221' title='bbox 419 1953 440 1974; x_wconf 88' lang='lat' dir='ltr'>a</span> <span class='ocrx_word' id='word_1_222' title='bbox 454 1945 554 1975; x_wconf 83' lang='lat' dir='ltr'>condi</span> <span class='ocrx_word' id='word_1_223' title='bbox 564 1954 579 1975; x_wconf 89' lang='lat' dir='ltr'>c</span> <span class='ocrx_word' id='word_1_224' title='bbox 590 1947 630 1975; x_wconf 77' lang='lat' dir='ltr'>lu</span> <span class='ocrx_word' id='word_1_225' title='bbox 652 1948 793 1976; x_wconf 75' lang='lat' dir='ltr'>naturae.</span> <span class='ocrx_word' id='word_1_226' title='bbox 817 1944 875 1975; x_wconf 78' lang='lat' dir='ltr'>Ex.</span> <span class='ocrx_word' id='word_1_227' title='bbox 887 1943 964 1975; x_wconf 86' lang='lat' dir='ltr'>Fac.</span> 
     </span>
     <span class='ocr_line' id='line_1_28' title="bbox 271 1987 962 2020; baseline 0.001 -1"><span class='ocrx_word' id='word_1_228' title='bbox 271 1994 305 2019; x_wconf 86' lang='lat' dir='ltr'>et</span> <span class='ocrx_word' id='word_1_229' title='bbox 326 1987 426 2019; x_wconf 87' lang='lat' dir='ltr'>Prim.</span> <span class='ocrx_word' id='word_1_230' title='bbox 446 2003 492 2016; x_wconf 89' lang='lat'><strong><em>=</em></strong></span> <span class='ocrx_word' id='word_1_231' title='bbox 513 1989 557 2019; x_wconf 81' lang='lat' dir='ltr'>ad</span> <span class='ocrx_word' id='word_1_232' title='bbox 579 1989 789 2020; x_wconf 77' lang='lat' dir='ltr'>condictum</span> <span class='ocrx_word' id='word_1_233' title='bbox 819 1991 962 2020; x_wconf 79' lang='lat' dir='ltr'>naturae.</span> 
     </span>
     <span class='ocr_line' id='line_1_29' title="bbox 271 2031 963 2072; baseline 0 -8"><span class='ocrx_word' id='word_1_234' title='bbox 271 2031 330 2064; x_wconf 82' lang='lat' dir='ltr'>P3.</span> <span class='ocrx_word' id='word_1_235' title='bbox 351 2047 396 2060; x_wconf 93' lang='lat'>=</span> <span class='ocrx_word' id='word_1_236' title='bbox 418 2034 446 2064; x_wconf 78' lang='lat' dir='ltr'>sl</span> <span class='ocrx_word' id='word_1_237' title='bbox 470 2034 596 2072; x_wconf 71' lang='lat' dir='ltr'>redigas</span> <span class='ocrx_word' id='word_1_238' title='bbox 628 2034 672 2064; x_wconf 81' lang='lat' dir='ltr'>ad</span> <span class='ocrx_word' id='word_1_239' title='bbox 704 2035 906 2065; x_wconf 72' lang='lat' dir='ltr'>conditionem</span> <span class='ocrx_word' id='word_1_240' title='bbox 929 2043 963 2064; x_wconf 92' lang='lat' dir='ltr'>o-</span> 
     </span>
     <span class='ocr_line' id='line_1_30' title="bbox 271 2077 963 2108; baseline 0 0"><span class='ocrx_word' id='word_1_241' title='bbox 271 2079 359 2108; x_wconf 84' lang='lat' dir='ltr'>mnia</span> <span class='ocrx_word' id='word_1_242' title='bbox 387 2080 519 2108; x_wconf 74' lang='lat' dir='ltr'>naturae</span> <span class='ocrx_word' id='word_1_243' title='bbox 542 2078 733 2108; x_wconf 77' lang='lat' dir='ltr'>destruentis.</span> <span class='ocrx_word' id='word_1_244' title='bbox 791 2077 821 2108; x_wconf 88' lang='lat' dir='ltr'><strong>G</strong></span> <span class='ocrx_word' id='word_1_245' title='bbox 839 2092 885 2105; x_wconf 89' lang='lat'><strong><em>=</em></strong></span> <span class='ocrx_word' id='word_1_246' title='bbox 902 2079 963 2108; x_wconf 86' lang='lat' dir='ltr'>im-</span> 
     </span>
     <span class='ocr_line' id='line_1_31' title="bbox 271 2121 960 2162; baseline 0 -10"><span class='ocrx_word' id='word_1_247' title='bbox 271 2122 438 2152; x_wconf 76' lang='lat' dir='ltr'>mortalis.</span> <span class='ocrx_word' id='word_1_248' title='bbox 485 2121 516 2151; x_wconf 93' lang='lat' dir='ltr'>V</span> <span class='ocrx_word' id='word_1_249' title='bbox 527 2135 572 2147; x_wconf 94' lang='lat'><strong><em>=</em></strong></span> <span class='ocrx_word' id='word_1_250' title='bbox 584 2123 729 2152; x_wconf 82' lang='lat' dir='ltr'>mortales</span> <span class='ocrx_word' id='word_1_251' title='bbox 742 2131 856 2153; x_wconf 85' lang='lat' dir='ltr'>manus</span> <span class='ocrx_word' id='word_1_252' title='bbox 881 2122 960 2162; x_wconf 87' lang='lat' dir='ltr'>[mD</span> 
     </span>
     <span class='ocr_line' id='line_1_32' title="bbox 271 2164 961 2207; baseline -0.001 -10"><span class='ocrx_word' id='word_1_253' title='bbox 271 2164 330 2197; x_wconf 84' lang='lat' dir='ltr'>P2.</span> <span class='ocrx_word' id='word_1_254' title='bbox 343 2165 376 2196; x_wconf 74' lang='lat'>4.</span> <span class='ocrx_word' id='word_1_255' title='bbox 391 2164 462 2196; x_wconf 87' lang='lat' dir='ltr'>col.</span> <span class='ocrx_word' id='word_1_256' title='bbox 488 2166 559 2196; x_wconf 89' lang='lat' dir='ltr'>Ort.</span> <span class='ocrx_word' id='word_1_257' title='bbox 573 2164 632 2207; x_wconf 93' lang='lat'>=]</span> <span class='ocrx_word' id='word_1_258' title='bbox 654 2166 764 2204; x_wconf 82' lang='lat' dir='ltr'>feceru</span> <span class='ocrx_word' id='word_1_259' title='bbox 775 2169 818 2197; x_wconf 84' lang='lat' dir='ltr'>nt.</span> <span class='ocrx_word' id='word_1_260' title='bbox 864 2166 893 2196; x_wconf 95' lang='lat' dir='ltr'>D</span> <span class='ocrx_word' id='word_1_261' title='bbox 914 2179 961 2193; x_wconf 90' lang='lat'>=</span> 
     </span>
     <span class='ocr_line' id='line_1_33' title="bbox 270 2211 962 2249; baseline -0.001 -7"><span class='ocrx_word' id='word_1_262' title='bbox 270 2219 384 2242; x_wconf 83' lang='lat' dir='ltr'>manus</span> <span class='ocrx_word' id='word_1_263' title='bbox 418 2211 563 2241; x_wconf 78' lang='lat' dir='ltr'>mortales</span> <span class='ocrx_word' id='word_1_264' title='bbox 603 2218 748 2240; x_wconf 85' lang='lat' dir='ltr'>manus</span> <span class='ocrx_word' id='word_1_265' title='bbox 790 2211 962 2249; x_wconf 76' lang='lat' dir='ltr'>fecerunt.</span> 
     </span>
     <span class='ocr_line' id='line_1_34' title="bbox 271 2252 961 2294; baseline 0.001 -9"><span class='ocrx_word' id='word_1_266' title='bbox 271 2254 356 2285; x_wconf 84' lang='lat' dir='ltr'>Bell.</span> <span class='ocrx_word' id='word_1_267' title='bbox 377 2253 476 2286; x_wconf 85' lang='lat' dir='ltr'>etiam</span> <span class='ocrx_word' id='word_1_268' title='bbox 500 2252 557 2286; x_wconf 78' lang='lat'>1³3.</span> <span class='ocrx_word' id='word_1_269' title='bbox 575 2265 624 2284; x_wconf 74' lang='grc' dir='ltr'>ω.</span> <span class='ocrx_word' id='word_1_270' title='bbox 674 2253 705 2285; x_wconf 88' lang='lat' dir='ltr'>G</span> <span class='ocrx_word' id='word_1_271' title='bbox 717 2268 760 2281; x_wconf 89' lang='lat'>=</span> <span class='ocrx_word' id='word_1_272' title='bbox 779 2255 881 2294; x_wconf 84' lang='lat' dir='ltr'>Sepe</span> <span class='ocrx_word' id='word_1_273' title='bbox 903 2256 961 2286; x_wconf 84' lang='lat' dir='ltr'>illa</span> 
     </span>
     <span class='ocr_line' id='line_1_35' title="bbox 269 2297 961 2342; baseline -0.001 -11"><span class='ocrx_word' id='word_1_274' title='bbox 269 2301 436 2331; x_wconf 81' lang='lat' dir='ltr'>miracula.</span> <span class='ocrx_word' id='word_1_275' title='bbox 483 2297 553 2329; x_wconf 86' lang='lat' dir='ltr'>Col.</span> <span class='ocrx_word' id='word_1_276' title='bbox 576 2313 621 2326; x_wconf 90' lang='lat'>=</span> <span class='ocrx_word' id='word_1_277' title='bbox 645 2299 710 2330; x_wconf 84' lang='lat' dir='ltr'>hic</span> <span class='ocrx_word' id='word_1_278' title='bbox 733 2300 842 2342; x_wconf 75' lang='lat' dir='ltr'>multa</span> <span class='ocrx_word' id='word_1_279' title='bbox 862 2301 961 2330; x_wconf 82' lang='lat' dir='ltr'>mira-</span> 
     </span>
     <span class='ocr_line' id='line_1_36' title="bbox 269 2342 962 2376; baseline -0.001 -1"><span class='ocrx_word' id='word_1_280' title='bbox 269 2345 393 2375; x_wconf 84' lang='lat' dir='ltr'>biliora.</span> <span class='ocrx_word' id='word_1_281' title='bbox 440 2343 530 2374; x_wconf 89' lang='lat' dir='ltr'><strong>GDE</strong></span> <span class='ocrx_word' id='word_1_282' title='bbox 542 2342 590 2376; x_wconf 85' lang='lat' dir='ltr'>P3</span> <span class='ocrx_word' id='word_1_283' title='bbox 623 2356 669 2370; x_wconf 83' lang='lat'>==</span> <span class='ocrx_word' id='word_1_284' title='bbox 689 2345 799 2374; x_wconf 85' lang='lat' dir='ltr'>multa</span> <span class='ocrx_word' id='word_1_285' title='bbox 831 2344 962 2374; x_wconf 85' lang='lat' dir='ltr'>mirabi-</span> 
     </span>
     <span class='ocr_line' id='line_1_37' title="bbox 270 2385 961 2420; baseline -0.003 0"><span class='ocrx_word' id='word_1_286' title='bbox 270 2390 360 2420; x_wconf 82' lang='lat' dir='ltr'>liora.</span> <span class='ocrx_word' id='word_1_287' title='bbox 402 2385 461 2420; x_wconf 80' lang='lat' dir='ltr'>P4.</span> <span class='ocrx_word' id='word_1_288' title='bbox 472 2402 518 2416; x_wconf 96' lang='lat'><strong><em>=</em></strong></span> <span class='ocrx_word' id='word_1_289' title='bbox 529 2390 605 2420; x_wconf 79' lang='lat' dir='ltr'>mult</span> <span class='ocrx_word' id='word_1_290' title='bbox 615 2398 635 2419; x_wconf 90' lang='lat' dir='ltr'>a</span> <span class='ocrx_word' id='word_1_291' title='bbox 657 2398 678 2420; x_wconf 83' lang='lat' dir='ltr'>n</span> <span class='ocrx_word' id='word_1_292' title='bbox 686 2398 708 2419; x_wconf 86' lang='lat' dir='ltr'>u</span> <span class='ocrx_word' id='word_1_293' title='bbox 718 2397 750 2419; x_wconf 86' lang='lat' dir='ltr'>m</span> <span class='ocrx_word' id='word_1_294' title='bbox 760 2397 775 2419; x_wconf 90' lang='lat' dir='ltr'>e</span> <span class='ocrx_word' id='word_1_295' title='bbox 785 2397 803 2419; x_wconf 88' lang='lat' dir='ltr'>r</span> <span class='ocrx_word' id='word_1_296' title='bbox 812 2389 961 2419; x_wconf 85' lang='lat' dir='ltr'>abiliora.</span> 
     </span>
     <span class='ocr_line' id='line_1_38' title="bbox 270 2432 962 2467; baseline 0.006 -3"><span class='ocrx_word' id='word_1_297' title='bbox 270 2433 331 2465; x_wconf 84' lang='lat' dir='ltr'>Ex.</span> <span class='ocrx_word' id='word_1_298' title='bbox 355 2432 458 2464; x_wconf 89' lang='lat' dir='ltr'>schol.</span> <span class='ocrx_word' id='word_1_299' title='bbox 484 2434 510 2467; x_wconf 58' lang='grc' dir='ltr'><em>ὦ</em></span> <span class='ocrx_word' id='word_1_300' title='bbox 524 2455 534 2467; x_wconf 66' lang='grc'><strong>.</strong></span> <span class='ocrx_word' id='word_1_301' title='bbox 548 2455 559 2467; x_wconf 72' lang='grc'><strong>.</strong></span> <span class='ocrx_word' id='word_1_302' title='bbox 573 2454 584 2467; x_wconf 61' lang='lat'><em>0</em></span> <span class='ocrx_word' id='word_1_303' title='bbox 597 2433 643 2467; x_wconf 61' lang='grc' dir='ltr'>5Πί</span> <span class='ocrx_word' id='word_1_304' title='bbox 653 2450 699 2455; x_wconf 89' lang='grc'><strong>-</strong></span> <span class='ocrx_word' id='word_1_305' title='bbox 711 2434 816 2463; x_wconf 71' lang='lat' dir='ltr'>mullo·</span> <span class='ocrx_word' id='word_1_306' title='bbox 863 2432 894 2464; x_wconf 83' lang='lat' dir='ltr'>V</span> <span class='ocrx_word' id='word_1_307' title='bbox 915 2446 962 2459; x_wconf 86' lang='lat'>=</span> 
     </span>
     <span class='ocr_line' id='line_1_39' title="bbox 270 2478 960 2516; baseline -0.003 -6"><span class='ocrx_word' id='word_1_308' title='bbox 270 2480 447 2510; x_wconf 75' lang='lat' dir='ltr'>extrussit.</span> <span class='ocrx_word' id='word_1_309' title='bbox 496 2478 525 2509; x_wconf 89' lang='lat' dir='ltr'>G</span> <span class='ocrx_word' id='word_1_310' title='bbox 538 2493 583 2505; x_wconf 90' lang='lat'><strong><em>=</em></strong></span> <span class='ocrx_word' id='word_1_311' title='bbox 596 2480 732 2516; x_wconf 79' lang='lat' dir='ltr'>aequata</span> <span class='ocrx_word' id='word_1_312' title='bbox 753 2478 825 2508; x_wconf 74' lang='lat' dir='ltr'>viae</span> <span class='ocrx_word' id='word_1_313' title='bbox 836 2478 960 2508; x_wconf 81' lang='lat' dir='ltr'>erint.</span> 
     </span>
     <span class='ocr_line' id='line_1_40' title="bbox 270 2523 961 2561; baseline -0.004 -6"><span class='ocrx_word' id='word_1_314' title='bbox 270 2524 301 2555; x_wconf 91' lang='lat' dir='ltr'>V</span> <span class='ocrx_word' id='word_1_315' title='bbox 323 2537 368 2550; x_wconf 93' lang='lat'>=</span> <span class='ocrx_word' id='word_1_316' title='bbox 390 2525 439 2555; x_wconf 84' lang='lat' dir='ltr'>lta</span> <span class='ocrx_word' id='word_1_317' title='bbox 470 2524 574 2554; x_wconf 82' lang='lat' dir='ltr'>enim</span> <span class='ocrx_word' id='word_1_318' title='bbox 608 2523 684 2553; x_wconf 83' lang='lat' dir='ltr'>nihil</span> <span class='ocrx_word' id='word_1_319' title='bbox 705 2525 887 2561; x_wconf 78' lang='lat' dir='ltr'>perpetuum</span> <span class='ocrx_word' id='word_1_320' title='bbox 909 2524 961 2553; x_wconf 79' lang='lat' dir='ltr'>est.</span> 
     </span>
     <span class='ocr_line' id='line_1_41' title="bbox 271 2563 961 2607; baseline -0.004 -7"><span class='ocrx_word' id='word_1_321' title='bbox 271 2567 322 2607; x_wconf 64' lang='lat'>§311</span> <span class='ocrx_word' id='word_1_322' title='bbox 344 2567 397 2598; x_wconf 85' lang='lat' dir='ltr'>ed.</span> <span class='ocrx_word' id='word_1_323' title='bbox 419 2568 493 2599; x_wconf 86' lang='lat' dir='ltr'>Par.</span> <span class='ocrx_word' id='word_1_324' title='bbox 516 2578 547 2599; x_wconf 87' lang='lat' dir='ltr'>a.</span> <span class='ocrx_word' id='word_1_325' title='bbox 571 2563 728 2599; x_wconf 82' lang='lat'>1613.=</span> <span class='ocrx_word' id='word_1_326' title='bbox 749 2567 902 2606; x_wconf 77' lang='lat' dir='ltr'>aliquid</span> <span class='ocrx_word' id='word_1_327' title='bbox 925 2576 961 2597; x_wconf 91' lang='grc' dir='ltr'>α-</span> 
     </span>
     <span class='ocr_line' id='line_1_42' title="bbox 270 2613 435 2644; baseline 0.006 -1"><span class='ocrx_word' id='word_1_328' title='bbox 270 2614 310 2643; x_wconf 85' lang='lat' dir='ltr'>lio</span> <span class='ocrx_word' id='word_1_329' title='bbox 332 2613 435 2644; x_wconf 84' lang='lat' dir='ltr'>modo.</span> 
     </span>
    </p>

    <p class='ocr_par' dir='ltr' id='par_1_3' title="bbox 267 2653 963 2875">
     <span class='ocr_line' id='line_1_43' title="bbox 314 2653 961 2696; baseline -0.002 -9"><span class='ocrx_word' id='word_1_330' title='bbox 314 2654 347 2687; x_wconf 86' lang='lat'>2.</span> <span class='ocrx_word' id='word_1_331' title='bbox 373 2658 405 2690; x_wconf 56' lang='lat'>³3(</span> <span class='ocrx_word' id='word_1_332' title='bbox 418 2680 428 2691; x_wconf 80' lang='lat'>.</span> <span class='ocrx_word' id='word_1_333' title='bbox 441 2679 451 2691; x_wconf 62' lang='lat'><em>0</em></span> <span class='ocrx_word' id='word_1_334' title='bbox 465 2679 475 2691; x_wconf 81' lang='grc'><strong>.</strong></span> <span class='ocrx_word' id='word_1_335' title='bbox 491 2655 730 2691; x_wconf 58' lang='grc' dir='ltr'>(ἕῙμ-τ-τηοάο</span> <span class='ocrx_word' id='word_1_336' title='bbox 753 2656 893 2696; x_wconf 79' lang='lat' dir='ltr'>quidam.</span> <span class='ocrx_word' id='word_1_337' title='bbox 931 2653 961 2686; x_wconf 91' lang='lat' dir='ltr'><strong>G</strong></span> 
     </span>
     <span class='ocr_line' id='line_1_44' title="bbox 269 2701 963 2739; baseline 0 -8"><span class='ocrx_word' id='word_1_338' title='bbox 269 2710 395 2739; x_wconf 81' lang='lat' dir='ltr'>=per</span> <span class='ocrx_word' id='word_1_339' title='bbox 418 2703 524 2733; x_wconf 83' lang='lat' dir='ltr'>onmia</span> <span class='ocrx_word' id='word_1_340' title='bbox 546 2703 665 2733; x_wconf 84' lang='lat' dir='ltr'>divina.</span> <span class='ocrx_word' id='word_1_341' title='bbox 698 2701 907 2733; x_wconf 67' lang='lat' dir='ltr'>V==divina</span> <span class='ocrx_word' id='word_1_342' title='bbox 927 2703 963 2731; x_wconf 79' lang='lat' dir='ltr'>el</span> 
     </span>
     <span class='ocr_line' id='line_1_45' title="bbox 269 2745 962 2784; baseline -0.001 -8"><span class='ocrx_word' id='word_1_343' title='bbox 269 2746 417 2776; x_wconf 76' lang='lat' dir='ltr'>humana.</span> <span class='ocrx_word' id='word_1_344' title='bbox 464 2746 493 2777; x_wconf 92' lang='lat' dir='ltr'><strong>V</strong></span> <span class='ocrx_word' id='word_1_345' title='bbox 513 2760 558 2773; x_wconf 91' lang='lat'>=</span> <span class='ocrx_word' id='word_1_346' title='bbox 579 2747 700 2778; x_wconf 83' lang='lat' dir='ltr'>credere</span> <span class='ocrx_word' id='word_1_347' title='bbox 727 2748 832 2784; x_wconf 77' lang='lat' dir='ltr'>putas.</span> <span class='ocrx_word' id='word_1_348' title='bbox 880 2745 962 2775; x_wconf 89' lang='lat' dir='ltr'>B=</span> 
     </span>
     <span class='ocr_line' id='line_1_46' title="bbox 270 2789 962 2830; baseline 0.001 -10"><span class='ocrx_word' id='word_1_349' title='bbox 270 2790 336 2820; x_wconf 83' lang='lat' dir='ltr'>dies</span> <span class='ocrx_word' id='word_1_350' title='bbox 357 2791 525 2829; x_wconf 77' lang='lat' dir='ltr'>antiquis</span> <span class='ocrx_word' id='word_1_351' title='bbox 557 2791 730 2830; x_wconf 82' lang='lat' dir='ltr'>dissipabit.</span> <span class='ocrx_word' id='word_1_352' title='bbox 779 2789 866 2820; x_wconf 85' lang='lat' dir='ltr'>G==</span> <span class='ocrx_word' id='word_1_353' title='bbox 879 2792 907 2821; x_wconf 80' lang='lat' dir='ltr'>el</span> <span class='ocrx_word' id='word_1_354' title='bbox 928 2791 962 2821; x_wconf 84' lang='lat' dir='ltr'>in</span> 
     </span>
     <span class='ocr_line' id='line_1_47' title="bbox 267 2834 962 2875; baseline 0 -10"><span class='ocrx_word' id='word_1_355' title='bbox 267 2834 450 2873; x_wconf 73' lang='lat' dir='ltr'>confusione</span> <span class='ocrx_word' id='word_1_356' title='bbox 472 2837 612 2866; x_wconf 72' lang='lat' dir='ltr'>valerem.</span> <span class='ocrx_word' id='word_1_357' title='bbox 645 2835 675 2867; x_wconf 88' lang='lat' dir='ltr'>V</span> <span class='ocrx_word' id='word_1_358' title='bbox 692 2837 724 2872; x_wconf 76' lang='lat' dir='ltr'>-t-</span> <span class='ocrx_word' id='word_1_359' title='bbox 742 2836 802 2867; x_wconf 74' lang='lat' dir='ltr'>Eat</span> <span class='ocrx_word' id='word_1_360' title='bbox 822 2836 962 2875; x_wconf 66' lang='lat' dir='ltr'>igilur</span> 
     </span>
    </p>
   </div>
   <div class='ocr_carea' id='block_1_3' title="bbox 1005 1720 1701 2111">
    <p class='ocr_par' dir='ltr' id='par_1_4' title="bbox 1005 1720 1701 2111">
     <span class='ocr_line' id='line_1_48' title="bbox 1009 1720 1701 1763; baseline 0 -9"><span class='ocrx_word' id='word_1_361' title='bbox 1009 1731 1103 1754; x_wconf 85' lang='lat' dir='ltr'>nunc.</span> <span class='ocrx_word' id='word_1_362' title='bbox 1151 1720 1181 1752; x_wconf 90' lang='lat' dir='ltr'>G</span> <span class='ocrx_word' id='word_1_363' title='bbox 1195 1722 1323 1763; x_wconf 68' lang='lat' dir='ltr'>(cnm)</span> <span class='ocrx_word' id='word_1_364' title='bbox 1346 1737 1392 1750; x_wconf 94' lang='lat'>=</span> <span class='ocrx_word' id='word_1_365' title='bbox 1413 1724 1518 1755; x_wconf 76' lang='lat' dir='ltr'>Erat</span> <span class='ocrx_word' id='word_1_366' title='bbox 1538 1732 1621 1756; x_wconf 85' lang='lat' dir='ltr'>nunc</span> <span class='ocrx_word' id='word_1_367' title='bbox 1641 1724 1701 1754; x_wconf 76' lang='lat' dir='ltr'>ali-</span> 
     </span>
     <span class='ocr_line' id='line_1_49' title="bbox 1009 1765 1700 1807; baseline 0 -9"><span class='ocrx_word' id='word_1_368' title='bbox 1009 1769 1088 1806; x_wconf 83' lang='lat' dir='ltr'>quis.</span> <span class='ocrx_word' id='word_1_369' title='bbox 1121 1767 1146 1798; x_wconf 92' lang='lat' dir='ltr'>B</span> <span class='ocrx_word' id='word_1_370' title='bbox 1159 1781 1205 1793; x_wconf 94' lang='lat'><strong><em>=</em></strong></span> <span class='ocrx_word' id='word_1_371' title='bbox 1217 1768 1278 1799; x_wconf 79' lang='lat' dir='ltr'>Eat</span> <span class='ocrx_word' id='word_1_372' title='bbox 1298 1778 1320 1799; x_wconf 88' lang='lat' dir='ltr'>n</span> <span class='ocrx_word' id='word_1_373' title='bbox 1330 1778 1351 1799; x_wconf 85' lang='lat' dir='ltr'>u</span> <span class='ocrx_word' id='word_1_374' title='bbox 1362 1777 1417 1799; x_wconf 81' lang='lat' dir='ltr'>me</span> <span class='ocrx_word' id='word_1_375' title='bbox 1428 1777 1472 1800; x_wconf 84' lang='lat' dir='ltr'>ro</span> <span class='ocrx_word' id='word_1_376' title='bbox 1494 1769 1619 1807; x_wconf 79' lang='lat' dir='ltr'>aliquis.</span> <span class='ocrx_word' id='word_1_377' title='bbox 1641 1765 1700 1799; x_wconf 79' lang='lat'>1³2.</span> 
     </span>
     <span class='ocr_line' id='line_1_50' title="bbox 1011 1810 1699 1852; baseline -0.006 -6"><span class='ocrx_word' id='word_1_378' title='bbox 1011 1811 1066 1845; x_wconf 65' lang='grc' dir='ltr'>ΣΪί.</span> <span class='ocrx_word' id='word_1_379' title='bbox 1079 1833 1111 1846; x_wconf 77' lang='grc'>..</span> <span class='ocrx_word' id='word_1_380' title='bbox 1125 1811 1299 1845; x_wconf 62' lang='lat' dir='ltr'>⁵.)J(=Eat</span> <span class='ocrx_word' id='word_1_381' title='bbox 1320 1813 1439 1844; x_wconf 84' lang='lat' dir='ltr'>modo</span> <span class='ocrx_word' id='word_1_382' title='bbox 1457 1813 1582 1852; x_wconf 78' lang='lat' dir='ltr'>aliquis.</span> <span class='ocrx_word' id='word_1_383' title='bbox 1613 1810 1699 1843; x_wconf 83' lang='lat' dir='ltr'>Rell.</span> 
     </span>
     <span class='ocr_line' id='line_1_51' title="bbox 1009 1854 1698 1897; baseline 0.001 -11"><span class='ocrx_word' id='word_1_384' title='bbox 1009 1854 1110 1887; x_wconf 84' lang='lat' dir='ltr'>etiam</span> <span class='ocrx_word' id='word_1_385' title='bbox 1139 1856 1245 1897; x_wconf 84' lang='lat' dir='ltr'>Bong.</span> <span class='ocrx_word' id='word_1_386' title='bbox 1271 1867 1322 1887; x_wconf 84' lang='lat' dir='ltr'>ex.</span> <span class='ocrx_word' id='word_1_387' title='bbox 1355 1856 1382 1887; x_wconf 91' lang='lat' dir='ltr'><strong>F</strong></span> <span class='ocrx_word' id='word_1_388' title='bbox 1384 1867 1433 1888; x_wconf 86' lang='lat' dir='ltr'>ac.</span> <span class='ocrx_word' id='word_1_389' title='bbox 1458 1862 1491 1887; x_wconf 85' lang='lat' dir='ltr'>et</span> <span class='ocrx_word' id='word_1_390' title='bbox 1516 1855 1613 1888; x_wconf 87' lang='lat' dir='ltr'>Prim.</span> <span class='ocrx_word' id='word_1_391' title='bbox 1640 1855 1698 1887; x_wconf 91' lang='lat' dir='ltr'>Gr.</span> 
     </span>
     <span class='ocr_line' id='line_1_52' title="bbox 1010 1898 1697 1935; baseline 0.001 -5"><span class='ocrx_word' id='word_1_392' title='bbox 1010 1899 1095 1931; x_wconf 84' lang='lat' dir='ltr'>Scal.</span> <span class='ocrx_word' id='word_1_393' title='bbox 1114 1911 1147 1929; x_wconf 75' lang='grc' dir='ltr'>ω</span> <span class='ocrx_word' id='word_1_394' title='bbox 1157 1922 1165 1930; x_wconf 93' lang='grc'>.</span> <span class='ocrx_word' id='word_1_395' title='bbox 1199 1901 1290 1932; x_wconf 86' lang='lat' dir='ltr'>VDE</span> <span class='ocrx_word' id='word_1_396' title='bbox 1302 1898 1361 1932; x_wconf 84' lang='lat' dir='ltr'>P2.</span> <span class='ocrx_word' id='word_1_397' title='bbox 1374 1899 1408 1933; x_wconf 85' lang='lat'>3.</span> <span class='ocrx_word' id='word_1_398' title='bbox 1425 1899 1495 1931; x_wconf 88' lang='lat' dir='ltr'>Col.</span> <span class='ocrx_word' id='word_1_399' title='bbox 1509 1901 1579 1931; x_wconf 83' lang='lat' dir='ltr'>Ort.</span> <span class='ocrx_word' id='word_1_400' title='bbox 1593 1900 1626 1935; x_wconf 62' lang='grc' dir='ltr'>Ξῖ</span> <span class='ocrx_word' id='word_1_401' title='bbox 1639 1922 1649 1934; x_wconf 79' lang='grc'><strong>.</strong></span> <span class='ocrx_word' id='word_1_402' title='bbox 1663 1922 1674 1935; x_wconf 84' lang='grc'><strong>.</strong></span> <span class='ocrx_word' id='word_1_403' title='bbox 1686 1922 1697 1934; x_wconf 82' lang='lat'>.</span> 
     </span>
     <span class='ocr_line' id='line_1_53' title="bbox 1009 1944 1699 1985; baseline -0.003 -7"><span class='ocrx_word' id='word_1_404' title='bbox 1009 1945 1042 1978; x_wconf 66' lang='lat' dir='ltr'>(S)</span> <span class='ocrx_word' id='word_1_405' title='bbox 1054 1944 1123 1979; x_wconf 61' lang='lat'>282.</span> <span class='ocrx_word' id='word_1_406' title='bbox 1140 1948 1174 1982; x_wconf 74' lang='grc'>-1-</span> <span class='ocrx_word' id='word_1_407' title='bbox 1190 1948 1218 1977; x_wconf 77' lang='lat' dir='ltr'>et</span> <span class='ocrx_word' id='word_1_408' title='bbox 1240 1947 1268 1976; x_wconf 82' lang='lat' dir='ltr'>si</span> <span class='ocrx_word' id='word_1_409' title='bbox 1289 1946 1366 1985; x_wconf 81' lang='lat' dir='ltr'>quid</span> <span class='ocrx_word' id='word_1_410' title='bbox 1388 1946 1508 1976; x_wconf 78' lang='lat' dir='ltr'>aliud</span> <span class='ocrx_word' id='word_1_411' title='bbox 1531 1946 1636 1976; x_wconf 75' lang='lat' dir='ltr'>altius.</span> <span class='ocrx_word' id='word_1_412' title='bbox 1673 1946 1699 1976; x_wconf 90' lang='lat' dir='ltr'>B</span> 
     </span>
     <span class='ocr_line' id='line_1_54' title="bbox 1010 1985 1699 2022; baseline 0 -2"><span class='ocrx_word' id='word_1_413' title='bbox 1010 1985 1109 2021; x_wconf 64' lang='grc' dir='ltr'><strong>(ΞΡ-1.</strong></span> <span class='ocrx_word' id='word_1_414' title='bbox 1127 2001 1179 2020; x_wconf 77' lang='grc' dir='ltr'>ω.</span> <span class='ocrx_word' id='word_1_415' title='bbox 1225 1989 1252 2020; x_wconf 92' lang='grc' dir='ltr'><strong>Β</strong></span> <span class='ocrx_word' id='word_1_416' title='bbox 1272 2003 1319 2017; x_wconf 94' lang='lat'>=</span> <span class='ocrx_word' id='word_1_417' title='bbox 1340 1991 1435 2022; x_wconf 82' lang='lat' dir='ltr'>altius</span> <span class='ocrx_word' id='word_1_418' title='bbox 1460 1990 1605 2021; x_wconf 76' lang='lat' dir='ltr'>occidit.</span> <span class='ocrx_word' id='word_1_419' title='bbox 1649 1989 1699 2020; x_wconf 88' lang='lat' dir='ltr'>sG</span> 
     </span>
     <span class='ocr_line' id='line_1_55' title="bbox 1006 2033 1700 2077; baseline 0.003 -12"><span class='ocrx_word' id='word_1_420' title='bbox 1006 2044 1123 2073; x_wconf 83' lang='lat' dir='ltr'>=quo</span> <span class='ocrx_word' id='word_1_421' title='bbox 1146 2035 1272 2067; x_wconf 83' lang='lat' dir='ltr'>cedat.</span> <span class='ocrx_word' id='word_1_422' title='bbox 1321 2033 1351 2066; x_wconf 90' lang='lat' dir='ltr'>G</span> <span class='ocrx_word' id='word_1_423' title='bbox 1365 2036 1432 2077; x_wconf 87' lang='lat' dir='ltr'>(n.)</span> <span class='ocrx_word' id='word_1_424' title='bbox 1445 2034 1474 2066; x_wconf 97' lang='lat' dir='ltr'>D</span> <span class='ocrx_word' id='word_1_425' title='bbox 1488 2034 1595 2075; x_wconf 86' lang='lat' dir='ltr'>(n.)E</span> <span class='ocrx_word' id='word_1_426' title='bbox 1611 2036 1645 2072; x_wconf 71' lang='lat' dir='ltr'>-l-</span> <span class='ocrx_word' id='word_1_427' title='bbox 1662 2037 1700 2067; x_wconf 77' lang='lat' dir='ltr'>el</span> 
     </span>
     <span class='ocr_line' id='line_1_56' title="bbox 1005 2080 1272 2111; baseline 0.007 -2"><span class='ocrx_word' id='word_1_428' title='bbox 1005 2080 1045 2110; x_wconf 78' lang='lat' dir='ltr'>sit</span> <span class='ocrx_word' id='word_1_429' title='bbox 1065 2080 1272 2111; x_wconf 78' lang='lat' dir='ltr'>interiturum.</span> 
     </span>
    </p>
   </div>
   <div class='ocr_carea' id='block_1_4' title="bbox 1223 2154 1478 2200">
    <p class='ocr_par' dir='ltr' id='par_1_5' title="bbox 1223 2154 1478 2200">
     <span class='ocr_line' id='line_1_57' title="bbox 1223 2154 1478 2200; baseline 0 -12"><span class='ocrx_word' id='word_1_430' title='bbox 1223 2156 1300 2199; x_wconf 85' lang='lat' dir='ltr'>Cap.</span> <span class='ocrx_word' id='word_1_431' title='bbox 1324 2158 1367 2188; x_wconf 89' lang='lat'>11.</span> <span class='ocrx_word' id='word_1_432' title='bbox 1393 2154 1478 2200; x_wconf 82' lang='lat'>[21.]</span> 
     </span>
    </p>
   </div>
   <div class='ocr_carea' id='block_1_5' title="bbox 1003 2210 1702 2875">
    <p class='ocr_par' dir='ltr' id='par_1_6' title="bbox 1003 2210 1697 2741">
     <span class='ocr_line' id='line_1_58' title="bbox 1052 2210 1697 2253; baseline -0.002 -10"><span class='ocrx_word' id='word_1_433' title='bbox 1052 2211 1083 2242; x_wconf 90' lang='lat' dir='ltr'><strong>G</strong></span> <span class='ocrx_word' id='word_1_434' title='bbox 1104 2228 1149 2235; x_wconf 93' lang='lat'>—</span> <span class='ocrx_word' id='word_1_435' title='bbox 1171 2215 1215 2243; x_wconf 76' lang='lat' dir='ltr'>est</span> <span class='ocrx_word' id='word_1_436' title='bbox 1237 2216 1315 2253; x_wconf 88' lang='lat' dir='ltr'>post</span> <span class='ocrx_word' id='word_1_437' title='bbox 1337 2212 1553 2251; x_wconf 73' lang='lat' dir='ltr'>adroyantiae.</span> <span class='ocrx_word' id='word_1_438' title='bbox 1603 2210 1633 2242; x_wconf 93' lang='lat' dir='ltr'><strong>G</strong></span> <span class='ocrx_word' id='word_1_439' title='bbox 1651 2225 1697 2246; x_wconf 78' lang='lat'>=</span> 
     </span>
     <span class='ocr_line' id='line_1_59' title="bbox 1004 2254 1697 2287; baseline -0.003 -1"><span class='ocrx_word' id='word_1_440' title='bbox 1004 2257 1181 2287; x_wconf 78' lang='lat' dir='ltr'>necessitate</span> <span class='ocrx_word' id='word_1_441' title='bbox 1215 2265 1302 2287; x_wconf 83' lang='lat' dir='ltr'>cum</span> <span class='ocrx_word' id='word_1_442' title='bbox 1336 2257 1380 2287; x_wconf 84' lang='lat' dir='ltr'>ad</span> <span class='ocrx_word' id='word_1_443' title='bbox 1413 2257 1554 2287; x_wconf 81' lang='lat' dir='ltr'>eundem.</span> <span class='ocrx_word' id='word_1_444' title='bbox 1601 2254 1631 2286; x_wconf 89' lang='lat' dir='ltr'><strong>G</strong></span> <span class='ocrx_word' id='word_1_445' title='bbox 1652 2271 1697 2284; x_wconf 82' lang='lat'>=</span> 
     </span>
     <span class='ocr_line' id='line_1_60' title="bbox 1004 2299 1697 2342; baseline 0.001 -10"><span class='ocrx_word' id='word_1_446' title='bbox 1004 2302 1176 2332; x_wconf 76' lang='lat' dir='ltr'>revocantis</span> <span class='ocrx_word' id='word_1_447' title='bbox 1207 2301 1366 2332; x_wconf 84' lang='lat' dir='ltr'>senium</span> <span class='ocrx_word' id='word_1_448' title='bbox 1390 2299 1438 2342; x_wconf 90' lang='lat' dir='ltr'>[m</span> <span class='ocrx_word' id='word_1_449' title='bbox 1468 2300 1622 2340; x_wconf 83' lang='lat' dir='ltr'>minas]</span> <span class='ocrx_word' id='word_1_450' title='bbox 1658 2311 1697 2333; x_wconf 85' lang='lat' dir='ltr'>ac</span> 
     </span>
     <span class='ocr_line' id='line_1_61' title="bbox 1005 2343 1696 2379; baseline 0.001 -4"><span class='ocrx_word' id='word_1_451' title='bbox 1005 2353 1088 2375; x_wconf 82' lang='lat' dir='ltr'>suos.</span> <span class='ocrx_word' id='word_1_452' title='bbox 1135 2343 1194 2376; x_wconf 85' lang='lat' dir='ltr'>P2.</span> <span class='ocrx_word' id='word_1_453' title='bbox 1217 2345 1250 2379; x_wconf 65' lang='grc' dir='ltr'>ἓἸί</span> <span class='ocrx_word' id='word_1_454' title='bbox 1264 2367 1274 2379; x_wconf 83' lang='grc'><strong>.</strong></span> <span class='ocrx_word' id='word_1_455' title='bbox 1287 2367 1299 2379; x_wconf 78' lang='grc'><strong>.</strong></span> <span class='ocrx_word' id='word_1_456' title='bbox 1311 2366 1323 2378; x_wconf 74' lang='lat'>.</span> <span class='ocrx_word' id='word_1_457' title='bbox 1335 2345 1381 2379; x_wconf 65' lang='lat'>⁵23(</span> <span class='ocrx_word' id='word_1_458' title='bbox 1392 2361 1438 2368; x_wconf 90' lang='lat'><em>-</em></span> <span class='ocrx_word' id='word_1_459' title='bbox 1455 2346 1548 2376; x_wconf 81' lang='lat' dir='ltr'>etiam</span> <span class='ocrx_word' id='word_1_460' title='bbox 1571 2349 1647 2375; x_wconf 89' lang='lat' dir='ltr'>ante</span> <span class='ocrx_word' id='word_1_461' title='bbox 1668 2347 1696 2376; x_wconf 78' lang='lat' dir='ltr'>i-</span> 
     </span>
     <span class='ocr_line' id='line_1_62' title="bbox 1003 2387 1693 2430; baseline 0.004 -11"><span class='ocrx_word' id='word_1_462' title='bbox 1003 2389 1054 2428; x_wconf 81' lang='lat' dir='ltr'>psi</span> <span class='ocrx_word' id='word_1_463' title='bbox 1076 2390 1204 2422; x_wconf 80' lang='lat' dir='ltr'>mundo.</span> <span class='ocrx_word' id='word_1_464' title='bbox 1249 2388 1332 2420; x_wconf 85' lang='lat' dir='ltr'>Rell.</span> <span class='ocrx_word' id='word_1_465' title='bbox 1356 2387 1455 2420; x_wconf 83' lang='lat' dir='ltr'>etiam</span> <span class='ocrx_word' id='word_1_466' title='bbox 1478 2389 1582 2430; x_wconf 87' lang='lat' dir='ltr'>Bong.</span> <span class='ocrx_word' id='word_1_467' title='bbox 1603 2388 1693 2422; x_wconf 79' lang='lat' dir='ltr'>Pinc-</span> 
     </span>
     <span class='ocr_line' id='line_1_63' title="bbox 1006 2430 1697 2474; baseline 0.003 -10"><span class='ocrx_word' id='word_1_468' title='bbox 1006 2430 1110 2464; x_wconf 77' lang='lat' dir='ltr'>P3.4.</span> <span class='ocrx_word' id='word_1_469' title='bbox 1134 2432 1203 2465; x_wconf 93' lang='lat' dir='ltr'>Col.</span> <span class='ocrx_word' id='word_1_470' title='bbox 1229 2435 1300 2465; x_wconf 85' lang='lat' dir='ltr'>Ort.</span> <span class='ocrx_word' id='word_1_471' title='bbox 1325 2445 1374 2464; x_wconf 78' lang='grc' dir='ltr'>ω.</span> <span class='ocrx_word' id='word_1_472' title='bbox 1433 2433 1464 2464; x_wconf 89' lang='lat' dir='ltr'><strong>G</strong></span> <span class='ocrx_word' id='word_1_473' title='bbox 1486 2447 1533 2460; x_wconf 94' lang='lat'><strong><em>=</em></strong></span> <span class='ocrx_word' id='word_1_474' title='bbox 1561 2435 1697 2474; x_wconf 62' lang='lat' dir='ltr'>cogitare</span> 
     </span>
     <span class='ocr_line' id='line_1_64' title="bbox 1006 2478 1697 2518; baseline 0.004 -10"><span class='ocrx_word' id='word_1_475' title='bbox 1006 2478 1090 2509; x_wconf 80' lang='lat' dir='ltr'>hiis</span> <span class='ocrx_word' id='word_1_476' title='bbox 1114 2479 1273 2510; x_wconf 83' lang='lat' dir='ltr'>accidisse.</span> <span class='ocrx_word' id='word_1_477' title='bbox 1298 2479 1471 2518; x_wconf 76' lang='lat' dir='ltr'>B-——quod</span> <span class='ocrx_word' id='word_1_478' title='bbox 1489 2478 1606 2510; x_wconf 77' lang='lat' dir='ltr'>‘omnis</span> <span class='ocrx_word' id='word_1_479' title='bbox 1627 2482 1697 2511; x_wconf 78' lang='lat' dir='ltr'>ante</span> 
     </span>
     <span class='ocr_line' id='line_1_65' title="bbox 1003 2522 1696 2563; baseline 0.006 -10"><span class='ocrx_word' id='word_1_480' title='bbox 1003 2523 1093 2562; x_wconf 81' lang='lat' dir='ltr'>passi</span> <span class='ocrx_word' id='word_1_481' title='bbox 1114 2526 1184 2555; x_wconf 80' lang='lat' dir='ltr'>sunl</span> <span class='ocrx_word' id='word_1_482' title='bbox 1204 2532 1378 2562; x_wconf 82' lang='lat' dir='ltr'>omnesque.</span> <span class='ocrx_word' id='word_1_483' title='bbox 1423 2522 1484 2555; x_wconf 90' lang='lat' dir='ltr'>VD</span> <span class='ocrx_word' id='word_1_484' title='bbox 1496 2522 1608 2563; x_wconf 66' lang='lat' dir='ltr'>(mm)</span> <span class='ocrx_word' id='word_1_485' title='bbox 1621 2523 1648 2554; x_wconf 87' lang='lat' dir='ltr'><strong>E</strong></span> <span class='ocrx_word' id='word_1_486' title='bbox 1663 2523 1696 2557; x_wconf 49' lang='grc' dir='ltr'><strong>ᾗ</strong></span> 
     </span>
     <span class='ocr_line' id='line_1_66' title="bbox 1007 2565 1696 2609; baseline -0.003 -9"><span class='ocrx_word' id='word_1_487' title='bbox 1007 2588 1018 2600; x_wconf 73' lang='grc'><strong>.</strong></span> <span class='ocrx_word' id='word_1_488' title='bbox 1031 2588 1042 2600; x_wconf 73' lang='grc'><strong>.</strong></span> <span class='ocrx_word' id='word_1_489' title='bbox 1055 2588 1066 2600; x_wconf 69' lang='grc'><strong>.</strong></span> <span class='ocrx_word' id='word_1_490' title='bbox 1082 2565 1145 2601; x_wconf 69' lang='lat' dir='ltr'>ffl.</span> <span class='ocrx_word' id='word_1_491' title='bbox 1158 2584 1201 2591; x_wconf 94' lang='lat'><strong>—</strong></span> <span class='ocrx_word' id='word_1_492' title='bbox 1216 2577 1320 2599; x_wconf 85' lang='lat' dir='ltr'>omnes</span> <span class='ocrx_word' id='word_1_493' title='bbox 1342 2572 1419 2609; x_wconf 87' lang='lat' dir='ltr'>post</span> <span class='ocrx_word' id='word_1_494' title='bbox 1438 2569 1527 2606; x_wconf 79' lang='lat' dir='ltr'>passi</span> <span class='ocrx_word' id='word_1_495' title='bbox 1548 2570 1629 2598; x_wconf 79' lang='lat' dir='ltr'>sunt.</span> <span class='ocrx_word' id='word_1_496' title='bbox 1667 2567 1696 2598; x_wconf 89' lang='lat' dir='ltr'><strong>G</strong></span> 
     </span>
     <span class='ocr_line' id='line_1_67' title="bbox 1007 2612 1694 2652; baseline 0 -10"><span class='ocrx_word' id='word_1_497' title='bbox 1007 2612 1158 2651; x_wconf 71' lang='lat' dir='ltr'>(soe)=</span> <span class='ocrx_word' id='word_1_498' title='bbox 1172 2621 1277 2644; x_wconf 82' lang='lat' dir='ltr'>omnes</span> <span class='ocrx_word' id='word_1_499' title='bbox 1295 2613 1422 2651; x_wconf 81' lang='lat' dir='ltr'>passuri</span> <span class='ocrx_word' id='word_1_500' title='bbox 1443 2614 1515 2643; x_wconf 74' lang='lat' dir='ltr'>sunl</span> <span class='ocrx_word' id='word_1_501' title='bbox 1536 2621 1601 2643; x_wconf 87' lang='lat' dir='ltr'>om.</span> <span class='ocrx_word' id='word_1_502' title='bbox 1627 2621 1694 2652; x_wconf 82' lang='lat' dir='ltr'>que.</span> 
     </span>
     <span class='ocr_line' id='line_1_68' title="bbox 1009 2654 1695 2689; baseline 0.004 -3"><span class='ocrx_word' id='word_1_503' title='bbox 1009 2654 1040 2686; x_wconf 89' lang='lat' dir='ltr'><strong>G</strong></span> <span class='ocrx_word' id='word_1_504' title='bbox 1059 2670 1106 2683; x_wconf 81' lang='lat'>==</span> <span class='ocrx_word' id='word_1_505' title='bbox 1127 2659 1154 2688; x_wconf 82' lang='lat' dir='ltr'>et</span> <span class='ocrx_word' id='word_1_506' title='bbox 1176 2658 1246 2688; x_wconf 84' lang='lat' dir='ltr'>ideo</span> <span class='ocrx_word' id='word_1_507' title='bbox 1267 2657 1407 2689; x_wconf 80' lang='lat' dir='ltr'>nichil</span> <span class='ocrx_word' id='word_1_508' title='bbox 1429 2657 1561 2688; x_wconf 77' lang='lat' dir='ltr'>videtur.</span> <span class='ocrx_word' id='word_1_509' title='bbox 1606 2657 1634 2689; x_wconf 87' lang='lat' dir='ltr'><strong>E</strong></span> <span class='ocrx_word' id='word_1_510' title='bbox 1650 2670 1695 2684; x_wconf 92' lang='lat'>=</span> 
     </span>
     <span class='ocr_line' id='line_1_69' title="bbox 1006 2704 1611 2741; baseline -0.005 -9"><span class='ocrx_word' id='word_1_511' title='bbox 1006 2709 1109 2732; x_wconf 82' lang='lat' dir='ltr'>rerum</span> <span class='ocrx_word' id='word_1_512' title='bbox 1131 2704 1208 2732; x_wconf 83' lang='lat' dir='ltr'>natu</span> <span class='ocrx_word' id='word_1_513' title='bbox 1220 2710 1273 2733; x_wconf 83' lang='lat' dir='ltr'>re.</span> <span class='ocrx_word' id='word_1_514' title='bbox 1608 2738 1611 2741; x_wconf 20' lang='lat' dir='ltr'>y</span> 
     </span>
    </p>

    <p class='ocr_par' dir='ltr' id='par_1_7' title="bbox 1006 2744 1702 2875">
     <span class='ocr_line' id='line_1_70' title="bbox 1050 2744 1695 2786; baseline 0 -10"><span class='ocrx_word' id='word_1_515' title='bbox 1050 2747 1272 2785; x_wconf 66' lang='lat' dir='ltr'>gravissimum</span> <span class='ocrx_word' id='word_1_516' title='bbox 1309 2746 1454 2786; x_wconf 73' lang='lat' dir='ltr'>fecerat</span> <span class='ocrx_word' id='word_1_517' title='bbox 1476 2760 1521 2773; x_wconf 96' lang='lat'>=</span> <span class='ocrx_word' id='word_1_518' title='bbox 1546 2744 1695 2777; x_wconf 86' lang='lat' dir='ltr'><strong>BGVDE</strong></span> 
     </span>
     <span class='ocr_line' id='line_1_71' title="bbox 1007 2788 1702 2831; baseline 0.007 -11"><span class='ocrx_word' id='word_1_519' title='bbox 1007 2790 1110 2831; x_wconf 81' lang='lat' dir='ltr'><strong>Bong.</strong></span> <span class='ocrx_word' id='word_1_520' title='bbox 1135 2789 1191 2821; x_wconf 78' lang='lat' dir='ltr'>Gr·</span> <span class='ocrx_word' id='word_1_521' title='bbox 1217 2789 1313 2821; x_wconf 80' lang='lat' dir='ltr'>Rom·</span> <span class='ocrx_word' id='word_1_522' title='bbox 1333 2788 1418 2821; x_wconf 77' lang='lat' dir='ltr'>scal·</span> <span class='ocrx_word' id='word_1_523' title='bbox 1489 2791 1522 2824; x_wconf 53' lang='lat' dir='ltr'>m</span> <span class='ocrx_word' id='word_1_524' title='bbox 1534 2811 1546 2824; x_wconf 62' lang='grc' dir='ltr'><strong>Α</strong></span> <span class='ocrx_word' id='word_1_525' title='bbox 1559 2811 1569 2824; x_wconf 75' lang='grc' dir='ltr'><strong><em>ο</em></strong></span> <span class='ocrx_word' id='word_1_526' title='bbox 1581 2811 1594 2823; x_wconf 73' lang='grc' dir='ltr'><strong><em>ο</em></strong></span> <span class='ocrx_word' id='word_1_527' title='bbox 1603 2790 1637 2823; x_wconf 60' lang='grc'>’23</span> <span class='ocrx_word' id='word_1_528' title='bbox 1649 2803 1702 2824; x_wconf 67' lang='lat'>==</span> 
     </span>
     <span class='ocr_line' id='line_1_72' title="bbox 1006 2831 1692 2875; baseline 0.003 -10"><span class='ocrx_word' id='word_1_529' title='bbox 1006 2848 1051 2862; x_wconf 91' lang='lat'>=</span> <span class='ocrx_word' id='word_1_530' title='bbox 1074 2844 1165 2874; x_wconf 71' lang='lat' dir='ltr'>yrav.</span> <span class='ocrx_word' id='word_1_531' title='bbox 1193 2835 1290 2875; x_wconf 68' lang='lat' dir='ltr'>fecit</span> <span class='ocrx_word' id='word_1_532' title='bbox 1325 2843 1371 2866; x_wconf 83' lang='lat' dir='ltr'>ac</span> <span class='ocrx_word' id='word_1_533' title='bbox 1402 2843 1512 2867; x_wconf 83' lang='lat' dir='ltr'>comm.</span> <span class='ocrx_word' id='word_1_534' title='bbox 1559 2831 1692 2868; x_wconf 54' lang='lat' dir='ltr'>GL...</span> 
     </span>
    </p>
   </div>
  </div>
 </body>
</html>
