<?xml version="1.0" encoding="UTF-8"?>
<!DOCTYPE html PUBLIC "-//W3C//DTD XHTML 1.0 Transitional//EN"
    "http://www.w3.org/TR/xhtml1/DTD/xhtml1-transitional.dtd">
<html xmlns="http://www.w3.org/1999/xhtml" xml:lang="en" lang="en">
 <head>
  <title>
</title>
<meta http-equiv="Content-Type" content="text/html;charset=utf-8" />
  <meta name='ocr-system' content='tesseract 3.04.00' />
  <meta name='ocr-capabilities' content='ocr_page ocr_carea ocr_par ocr_line ocrx_word'/>
</head>
<body>
  <div class='ocr_page' id='page_1' title='image "./operasene03seneuoft_0399.png"; bbox 0 0 1812 3184; ppageno 0'>
   <div class='ocr_carea' id='block_1_1' title="bbox 549 181 1257 224">
    <p class='ocr_par' dir='ltr' id='par_1_1' title="bbox 549 181 1257 224">
     <span class='ocr_line' id='line_1_1' title="bbox 549 181 1257 224; baseline 0.003 -2"><span class='ocrx_word' id='word_1_1' title='bbox 549 182 628 223; x_wconf 47' lang='lat' dir='ltr'><strong>DE*</strong></span> <span class='ocrx_word' id='word_1_2' title='bbox 647 181 1052 224; x_wconf 82' lang='lat' dir='ltr'><strong>CONSOLATIONE.</strong></span> <span class='ocrx_word' id='word_1_3' title='bbox 1108 183 1212 224; x_wconf 86' lang='lat' dir='ltr'>XIII.</span> <span class='ocrx_word' id='word_1_4' title='bbox 1253 209 1257 214; x_wconf 90' lang='lat'><em>-</em></span> 
     </span>
    </p>
   </div>
   <div class='ocr_carea' id='block_1_2' title="bbox 1521 183 1606 228">
    <p class='ocr_par' dir='ltr' id='par_1_2' title="bbox 1521 183 1606 228">
     <span class='ocr_line' id='line_1_2' title="bbox 1521 183 1606 228; baseline 0 -1"><span class='ocrx_word' id='word_1_5' title='bbox 1521 183 1606 228; x_wconf 83' lang='lat'><strong>379</strong></span> 
     </span>
    </p>
   </div>
   <div class='ocr_carea' id='block_1_3' title="bbox 156 293 1637 421">
    <p class='ocr_par' dir='ltr' id='par_1_3' title="bbox 156 293 1637 421">
     <span class='ocr_line' id='line_1_3' title="bbox 156 293 1637 352; baseline 0.001 -17"><span class='ocrx_word' id='word_1_6' title='bbox 156 294 258 347; x_wconf 47' lang='lat' dir='ltr'><strong>eds</strong></span> <span class='ocrx_word' id='word_1_7' title='bbox 274 293 320 336; x_wconf 67' lang='lat' dir='ltr'><strong>ui</strong></span> <span class='ocrx_word' id='word_1_8' title='bbox 336 307 418 336; x_wconf 77' lang='lat' dir='ltr'><strong>non</strong></span> <span class='ocrx_word' id='word_1_9' title='bbox 437 294 523 352; x_wconf 88' lang='lat' dir='ltr'><strong>ipse</strong></span> <span class='ocrx_word' id='word_1_10' title='bbox 545 294 790 338; x_wconf 87' lang='lat' dir='ltr'><strong>miserrimus</strong></span> <span class='ocrx_word' id='word_1_11' title='bbox 818 295 868 338; x_wconf 87' lang='lat' dir='ltr'><strong>ob</strong></span> <span class='ocrx_word' id='word_1_12' title='bbox 893 295 968 338; x_wconf 91' lang='lat' dir='ltr'><strong>hoc</strong></span> <span class='ocrx_word' id='word_1_13' title='bbox 992 296 1172 338; x_wconf 87' lang='lat' dir='ltr'><strong>omnibus</strong></span> <span class='ocrx_word' id='word_1_14' title='bbox 1197 295 1405 338; x_wconf 77' lang='lat' dir='ltr'><strong>uideatur?</strong></span> <span class='ocrx_word' id='word_1_15' title='bbox 1459 294 1603 338; x_wconf 89' lang='lat' dir='ltr'><strong>Mene-</strong></span> <span class='ocrx_word' id='word_1_16' title='bbox 1619 305 1637 332; x_wconf 74' lang='lat'>4</span> 
     </span>
     <span class='ocr_line' id='line_1_4' title="bbox 157 358 1607 421; baseline 0.001 -18"><span class='ocrx_word' id='word_1_17' title='bbox 157 360 246 403; x_wconf 75' lang='lat' dir='ltr'><strong>nius</strong></span> <span class='ocrx_word' id='word_1_18' title='bbox 265 358 441 419; x_wconf 77' lang='lat' dir='ltr'>Agrippa</span> <span class='ocrx_word' id='word_1_19' title='bbox 461 363 527 419; x_wconf 89' lang='lat' dir='ltr'><strong>qui</strong></span> <span class='ocrx_word' id='word_1_20' title='bbox 542 363 645 405; x_wconf 86' lang='lat' dir='ltr'><strong>inter</strong></span> <span class='ocrx_word' id='word_1_21' title='bbox 658 371 791 420; x_wconf 87' lang='lat' dir='ltr'><strong>patres</strong></span> <span class='ocrx_word' id='word_1_22' title='bbox 806 378 852 406; x_wconf 86' lang='lat' dir='ltr'><strong>ac</strong></span> <span class='ocrx_word' id='word_1_23' title='bbox 871 364 1021 420; x_wconf 83' lang='lat' dir='ltr'>plebem</span> <span class='ocrx_word' id='word_1_24' title='bbox 1039 365 1215 421; x_wconf 85' lang='lat' dir='ltr'><strong>publicae</strong></span> <span class='ocrx_word' id='word_1_25' title='bbox 1232 364 1383 421; x_wconf 85' lang='lat' dir='ltr'><strong>gratiae</strong></span> <span class='ocrx_word' id='word_1_26' title='bbox 1398 370 1607 418; x_wconf 79' lang='lat' dir='ltr'><strong>sequester</strong></span> 
     </span>
    </p>
   </div>
   <div class='ocr_carea' id='block_1_4' title="bbox 157 429 877 474">
    <p class='ocr_par' dir='ltr' id='par_1_4' title="bbox 157 429 877 474">
     <span class='ocr_line' id='line_1_5' title="bbox 157 429 877 474; baseline 0.006 -4"><span class='ocrx_word' id='word_1_27' title='bbox 157 429 230 470; x_wconf 74' lang='lat' dir='ltr'><strong>suit</strong></span> <span class='ocrx_word' id='word_1_28' title='bbox 257 443 352 473; x_wconf 74' lang='lat' dir='ltr'><strong>aere</strong></span> <span class='ocrx_word' id='word_1_29' title='bbox 386 431 529 473; x_wconf 84' lang='lat' dir='ltr'><strong>collato</strong></span> <span class='ocrx_word' id='word_1_30' title='bbox 567 433 769 474; x_wconf 72' lang='lat' dir='ltr'><strong>funeratus</strong></span> <span class='ocrx_word' id='word_1_31' title='bbox 801 440 877 474; x_wconf 86' lang='lat' dir='ltr'><strong>est.</strong></span> 
     </span>
    </p>
   </div>
   <div class='ocr_carea' id='block_1_5' title="bbox 927 429 1605 488">
    <p class='ocr_par' dir='ltr' id='par_1_5' title="bbox 927 429 1605 488">
     <span class='ocr_line' id='line_1_6' title="bbox 927 429 1605 488; baseline -0.004 -14"><span class='ocrx_word' id='word_1_32' title='bbox 927 432 1101 474; x_wconf 79' lang='lat' dir='ltr'><strong>-Auilius</strong></span> <span class='ocrx_word' id='word_1_33' title='bbox 1135 432 1340 488; x_wconf 84' lang='lat' dir='ltr'><strong>Regulus,</strong></span> <span class='ocrx_word' id='word_1_34' title='bbox 1382 446 1469 473; x_wconf 92' lang='lat' dir='ltr'><strong>cum</strong></span> <span class='ocrx_word' id='word_1_35' title='bbox 1501 429 1605 472; x_wconf 92' lang='lat' dir='ltr'><strong>Poe-</strong></span> 
     </span>
    </p>
   </div>
   <div class='ocr_carea' id='block_1_6' title="bbox 156 495 1607 623">
    <p class='ocr_par' dir='ltr' id='par_1_6' title="bbox 156 495 1607 623">
     <span class='ocr_line' id='line_1_7' title="bbox 156 495 1604 556; baseline 0.001 -18"><span class='ocrx_word' id='word_1_36' title='bbox 156 511 231 539; x_wconf 88' lang='lat' dir='ltr'><strong>nos</strong></span> <span class='ocrx_word' id='word_1_37' title='bbox 251 498 293 540; x_wconf 91' lang='lat' dir='ltr'><strong>in</strong></span> <span class='ocrx_word' id='word_1_38' title='bbox 313 498 452 541; x_wconf 73' lang='lat' dir='ltr'><strong>Africa</strong></span> <span class='ocrx_word' id='word_1_39' title='bbox 478 500 682 551; x_wconf 86' lang='lat' dir='ltr'><strong>funderet,</strong></span> <span class='ocrx_word' id='word_1_40' title='bbox 715 500 763 541; x_wconf 87' lang='lat' dir='ltr'><strong>ad</strong></span> <span class='ocrx_word' id='word_1_41' title='bbox 781 498 973 542; x_wconf 80' lang='lat' dir='ltr'><strong>Senatum</strong></span> <span class='ocrx_word' id='word_1_42' title='bbox 999 500 1157 556; x_wconf 89' lang='lat' dir='ltr'><strong>scripsit</strong></span> <span class='ocrx_word' id='word_1_43' title='bbox 1179 495 1467 541; x_wconf 82' lang='lat' dir='ltr'><strong>mercenarium</strong></span> <span class='ocrx_word' id='word_1_44' title='bbox 1492 512 1604 539; x_wconf 91' lang='lat' dir='ltr'><strong>suum</strong></span> 
     </span>
     <span class='ocr_line' id='line_1_8' title="bbox 157 564 1607 623; baseline 0 -17"><span class='ocrx_word' id='word_1_45' title='bbox 157 564 391 609; x_wconf 78' lang='lat' dir='ltr'><strong>discessisse</strong></span> <span class='ocrx_word' id='word_1_46' title='bbox 416 574 456 609; x_wconf 85' lang='lat' dir='ltr'><strong>et</strong></span> <span class='ocrx_word' id='word_1_47' title='bbox 475 567 524 609; x_wconf 84' lang='lat' dir='ltr'><strong>ab</strong></span> <span class='ocrx_word' id='word_1_48' title='bbox 546 581 595 609; x_wconf 94' lang='lat' dir='ltr'><strong>eo</strong></span> <span class='ocrx_word' id='word_1_49' title='bbox 617 568 815 609; x_wconf 91' lang='lat' dir='ltr'><strong>desertum</strong></span> <span class='ocrx_word' id='word_1_50' title='bbox 840 581 930 608; x_wconf 91' lang='lat' dir='ltr'><strong>esse</strong></span> <span class='ocrx_word' id='word_1_51' title='bbox 956 581 1025 609; x_wconf 91' lang='lat' dir='ltr'><strong>rus</strong></span> <span class='ocrx_word' id='word_1_52' title='bbox 1047 568 1149 623; x_wconf 90' lang='lat' dir='ltr'><strong>quod</strong></span> <span class='ocrx_word' id='word_1_53' title='bbox 1172 566 1338 610; x_wconf 86' lang='lat' dir='ltr'><strong>Senatui</strong></span> <span class='ocrx_word' id='word_1_54' title='bbox 1364 566 1517 622; x_wconf 91' lang='lat' dir='ltr'><strong>publice</strong></span> <span class='ocrx_word' id='word_1_55' title='bbox 1540 579 1607 606; x_wconf 88' lang='lat' dir='ltr'><strong>cu-</strong></span> 
     </span>
    </p>
   </div>
   <div class='ocr_carea' id='block_1_7' title="bbox 156 633 963 690">
    <p class='ocr_par' dir='ltr' id='par_1_7' title="bbox 156 633 963 690">
     <span class='ocr_line' id='line_1_9' title="bbox 156 633 963 690; baseline 0.002 -16"><span class='ocrx_word' id='word_1_56' title='bbox 156 633 254 684; x_wconf 83' lang='lat' dir='ltr'><strong>rari,</strong></span> <span class='ocrx_word' id='word_1_57' title='bbox 282 633 377 676; x_wconf 87' lang='lat' dir='ltr'><strong>dum</strong></span> <span class='ocrx_word' id='word_1_58' title='bbox 396 634 558 676; x_wconf 86' lang='lat' dir='ltr'><strong>abesset</strong></span> <span class='ocrx_word' id='word_1_59' title='bbox 576 633 774 690; x_wconf 86' lang='lat' dir='ltr'><strong>Regulus,</strong></span> <span class='ocrx_word' id='word_1_60' title='bbox 805 635 963 690; x_wconf 81' lang='lat' dir='ltr'><strong>placuit.</strong></span> 
     </span>
    </p>
   </div>
   <div class='ocr_carea' id='block_1_8' title="bbox 1024 633 1607 677">
    <p class='ocr_par' dir='ltr' id='par_1_8' title="bbox 1024 633 1607 677">
     <span class='ocr_line' id='line_1_10' title="bbox 1024 633 1607 677; baseline -0.003 -1"><span class='ocrx_word' id='word_1_61' title='bbox 1024 633 1119 676; x_wconf 89' lang='lat' dir='ltr'><strong>Fuit</strong></span> <span class='ocrx_word' id='word_1_62' title='bbox 1140 649 1214 677; x_wconf 87' lang='lat' dir='ltr'><strong>nae</strong></span> <span class='ocrx_word' id='word_1_63' title='bbox 1233 635 1331 677; x_wconf 86' lang='lat' dir='ltr'><strong>tanti</strong></span> <span class='ocrx_word' id='word_1_64' title='bbox 1350 648 1509 677; x_wconf 88' lang='lat' dir='ltr'><strong>seruum</strong></span> <span class='ocrx_word' id='word_1_65' title='bbox 1527 647 1607 674; x_wconf 92' lang='lat' dir='ltr'><strong>non</strong></span> 
     </span>
    </p>
   </div>
   <div class='ocr_carea' id='block_1_9' title="bbox 153 699 1640 893">
    <p class='ocr_par' dir='ltr' id='par_1_9' title="bbox 153 699 1640 893">
     <span class='ocr_line' id='line_1_11' title="bbox 157 699 1607 759; baseline 0 -18"><span class='ocrx_word' id='word_1_66' title='bbox 157 699 317 752; x_wconf 62' lang='lat' dir='ltr'><strong>lubere,</strong></span> <span class='ocrx_word' id='word_1_67' title='bbox 351 707 395 742; x_wconf 88' lang='lat' dir='ltr'><strong>ut</strong></span> <span class='ocrx_word' id='word_1_68' title='bbox 413 701 578 743; x_wconf 89' lang='lat' dir='ltr'><strong>colonus</strong></span> <span class='ocrx_word' id='word_1_69' title='bbox 602 701 687 742; x_wconf 92' lang='lat' dir='ltr'><strong>eius</strong></span> <span class='ocrx_word' id='word_1_70' title='bbox 706 702 870 757; x_wconf 90' lang='lat' dir='ltr'><strong>populus</strong></span> <span class='ocrx_word' id='word_1_71' title='bbox 889 701 1096 744; x_wconf 85' lang='lat' dir='ltr'><strong>Romanus</strong></span> <span class='ocrx_word' id='word_1_72' title='bbox 1117 710 1241 745; x_wconf 90' lang='lat' dir='ltr'><strong>esset.</strong></span> <span class='ocrx_word' id='word_1_73' title='bbox 1287 701 1485 759; x_wconf 81' lang='lat' dir='ltr'><strong>Scipionis</strong></span> <span class='ocrx_word' id='word_1_74' title='bbox 1504 701 1607 743; x_wconf 85' lang='lat' dir='ltr'><strong>filiae</strong></span> 
     </span>
     <span class='ocr_line' id='line_1_12' title="bbox 155 768 1604 826; baseline 0 -17"><span class='ocrx_word' id='word_1_75' title='bbox 155 780 212 808; x_wconf 77' lang='lat' dir='ltr'><strong>cx</strong></span> <span class='ocrx_word' id='word_1_76' title='bbox 240 768 397 810; x_wconf 83' lang='lat' dir='ltr'><strong>aerario</strong></span> <span class='ocrx_word' id='word_1_77' title='bbox 425 769 556 810; x_wconf 87' lang='lat' dir='ltr'><strong>dotem</strong></span> <span class='ocrx_word' id='word_1_78' title='bbox 587 776 846 825; x_wconf 86' lang='lat' dir='ltr'><strong>acceperunt,</strong></span> <span class='ocrx_word' id='word_1_79' title='bbox 889 770 978 825; x_wconf 84' lang='lat' dir='ltr'><strong>quia</strong></span> <span class='ocrx_word' id='word_1_80' title='bbox 1013 770 1108 811; x_wconf 87' lang='lat' dir='ltr'><strong>nihil</strong></span> <span class='ocrx_word' id='word_1_81' title='bbox 1137 770 1214 811; x_wconf 87' lang='lat' dir='ltr'><strong>illis</strong></span> <span class='ocrx_word' id='word_1_82' title='bbox 1238 771 1452 826; x_wconf 83' lang='lat' dir='ltr'><strong>reliquerat</strong></span> <span class='ocrx_word' id='word_1_83' title='bbox 1479 777 1604 826; x_wconf 88' lang='lat' dir='ltr'><strong>pater.</strong></span> 
     </span>
     <span class='ocr_line' id='line_1_13' title="bbox 153 834 1640 893; baseline 0.001 -16"><span class='ocrx_word' id='word_1_84' title='bbox 153 834 339 891; x_wconf 86' lang='lat' dir='ltr'><strong>Aequum</strong></span> <span class='ocrx_word' id='word_1_85' title='bbox 366 836 612 878; x_wconf 82' lang='lat' dir='ltr'><strong>mehercules</strong></span> <span class='ocrx_word' id='word_1_86' title='bbox 641 844 729 878; x_wconf 86' lang='lat' dir='ltr'><strong>erat</strong></span> <span class='ocrx_word' id='word_1_87' title='bbox 754 838 935 893; x_wconf 87' lang='lat' dir='ltr'><strong>populum</strong></span> <span class='ocrx_word' id='word_1_88' title='bbox 962 836 1186 879; x_wconf 86' lang='lat' dir='ltr'><strong>Romanum</strong></span> <span class='ocrx_word' id='word_1_89' title='bbox 1213 834 1399 879; x_wconf 76' lang='lat' dir='ltr'><strong>{ributum</strong></span> <span class='ocrx_word' id='word_1_90' title='bbox 1430 836 1604 893; x_wconf 83' lang='lat' dir='ltr'><strong>Scipioni</strong></span> <span class='ocrx_word' id='word_1_91' title='bbox 1622 848 1640 874; x_wconf 77' lang='lat' dir='ltr'><strong>f&gt;</strong></span> 
     </span>
    </p>
   </div>
   <div class='ocr_carea' id='block_1_10' title="bbox 154 902 1439 1029">
    <p class='ocr_par' dir='ltr' id='par_1_10' title="bbox 154 902 1439 1029">
     <span class='ocr_line' id='line_1_14' title="bbox 154 902 1347 961; baseline 0.002 -16"><span class='ocrx_word' id='word_1_92' title='bbox 154 904 279 946; x_wconf 83' lang='lat' dir='ltr'><strong>semel</strong></span> <span class='ocrx_word' id='word_1_93' title='bbox 306 905 513 958; x_wconf 77' lang='lat' dir='ltr'><strong>conferre,</strong></span> <span class='ocrx_word' id='word_1_94' title='bbox 545 919 633 947; x_wconf 92' lang='lat' dir='ltr'><strong>cum</strong></span> <span class='ocrx_word' id='word_1_95' title='bbox 658 919 682 947; x_wconf 86' lang='lat' dir='ltr'><strong>a</strong></span> <span class='ocrx_word' id='word_1_96' title='bbox 706 902 945 960; x_wconf 84' lang='lat' dir='ltr'><strong>Carthagine</strong></span> <span class='ocrx_word' id='word_1_97' title='bbox 969 919 1126 961; x_wconf 90' lang='lat' dir='ltr'><strong>semper</strong></span> <span class='ocrx_word' id='word_1_98' title='bbox 1147 906 1347 961; x_wconf 85' lang='lat' dir='ltr'><strong>exigeret.</strong></span> 
     </span>
     <span class='ocr_line' id='line_1_15' title="bbox 156 971 1439 1029; baseline 0.002 -17"><span class='ocrx_word' id='word_1_99' title='bbox 156 971 263 1013; x_wconf 89' lang='lat' dir='ltr'><strong>uiros</strong></span> <span class='ocrx_word' id='word_1_100' title='bbox 282 973 495 1028; x_wconf 76' lang='lat' dir='ltr'><strong>puellarum</strong></span> <span class='ocrx_word' id='word_1_101' title='bbox 517 972 656 1028; x_wconf 83' lang='lat' dir='ltr'><strong>quibus</strong></span> <span class='ocrx_word' id='word_1_102' title='bbox 676 973 840 1029; x_wconf 90' lang='lat' dir='ltr'><strong>populus</strong></span> <span class='ocrx_word' id='word_1_103' title='bbox 857 972 1063 1014; x_wconf 89' lang='lat' dir='ltr'><strong>Romanus</strong></span> <span class='ocrx_word' id='word_1_104' title='bbox 1082 973 1170 1015; x_wconf 89' lang='lat' dir='ltr'><strong>loco</strong></span> <span class='ocrx_word' id='word_1_105' title='bbox 1195 973 1325 1015; x_wconf 90' lang='lat' dir='ltr'><strong>soceri</strong></span> <span class='ocrx_word' id='word_1_106' title='bbox 1346 973 1439 1015; x_wconf 80' lang='lat' dir='ltr'><strong>fuit!</strong></span> 
     </span>
    </p>
   </div>
   <div class='ocr_carea' id='block_1_11' title="bbox 1408 903 1605 1015">
    <p class='ocr_par' dir='ltr' id='par_1_11' title="bbox 1408 903 1605 1015">
     <span class='ocr_line' id='line_1_16' title="bbox 1408 903 1605 948; baseline -0.005 0"><span class='ocrx_word' id='word_1_107' title='bbox 1408 903 1445 948; x_wconf 90' lang='grc' dir='ltr'><strong>Ο</strong></span> <span class='ocrx_word' id='word_1_108' title='bbox 1470 906 1605 947; x_wconf 83' lang='lat' dir='ltr'><strong>felices</strong></span> 
     </span>
     <span class='ocr_line' id='line_1_17' title="bbox 1500 971 1604 1015; baseline 0.01 -1"><span class='ocrx_word' id='word_1_109' title='bbox 1500 971 1604 1015; x_wconf 88' lang='lat' dir='ltr'><strong>Bea-</strong></span> 
     </span>
    </p>
   </div>
   <div class='ocr_carea' id='block_1_12' title="bbox 151 1039 1606 1436">
    <p class='ocr_par' dir='ltr' id='par_1_12' title="bbox 151 1039 1606 1436">
     <span class='ocr_line' id='line_1_18' title="bbox 155 1039 1606 1097; baseline 0.001 -17"><span class='ocrx_word' id='word_1_110' title='bbox 155 1039 330 1082; x_wconf 81' lang='lat' dir='ltr'><strong>tioresne</strong></span> <span class='ocrx_word' id='word_1_111' title='bbox 355 1040 455 1083; x_wconf 88' lang='lat' dir='ltr'><strong>istos</strong></span> <span class='ocrx_word' id='word_1_112' title='bbox 476 1047 586 1097; x_wconf 83' lang='lat' dir='ltr'><strong>putas</strong></span> <span class='ocrx_word' id='word_1_113' title='bbox 608 1042 773 1095; x_wconf 82' lang='lat' dir='ltr'><strong>quorum</strong></span> <span class='ocrx_word' id='word_1_114' title='bbox 795 1041 1055 1096; x_wconf 83' lang='lat' dir='ltr'><strong>pantomimae</strong></span> <span class='ocrx_word' id='word_1_115' title='bbox 1084 1041 1216 1082; x_wconf 88' lang='lat' dir='ltr'><strong>decies</strong></span> <span class='ocrx_word' id='word_1_116' title='bbox 1246 1041 1432 1083; x_wconf 85' lang='lat' dir='ltr'><strong>sestertio</strong></span> <span class='ocrx_word' id='word_1_117' title='bbox 1457 1041 1606 1083; x_wconf 89' lang='lat' dir='ltr'><strong>nubunt</strong></span> 
     </span>
     <span class='ocr_line' id='line_1_19' title="bbox 154 1106 1605 1165; baseline 0.001 -16"><span class='ocrx_word' id='word_1_118' title='bbox 154 1121 268 1163; x_wconf 82' lang='lat' dir='ltr'><strong>quam</strong></span> <span class='ocrx_word' id='word_1_119' title='bbox 290 1106 516 1165; x_wconf 88' lang='lat' dir='ltr'><strong>Scipionem</strong></span> <span class='ocrx_word' id='word_1_120' title='bbox 535 1108 645 1150; x_wconf 90' lang='lat' dir='ltr'><strong>cuius</strong></span> <span class='ocrx_word' id='word_1_121' title='bbox 668 1108 783 1149; x_wconf 87' lang='lat' dir='ltr'><strong>liberi</strong></span> <span class='ocrx_word' id='word_1_122' title='bbox 805 1122 827 1149; x_wconf 88' lang='lat' dir='ltr'><strong>a</strong></span> <span class='ocrx_word' id='word_1_123' title='bbox 846 1115 1009 1160; x_wconf 85' lang='lat' dir='ltr'><strong>senatu,</strong></span> <span class='ocrx_word' id='word_1_124' title='bbox 1044 1115 1173 1150; x_wconf 86' lang='lat' dir='ltr'><strong>tutore</strong></span> <span class='ocrx_word' id='word_1_125' title='bbox 1190 1123 1287 1161; x_wconf 90' lang='lat' dir='ltr'><strong>suo,</strong></span> <span class='ocrx_word' id='word_1_126' title='bbox 1320 1109 1362 1150; x_wconf 89' lang='lat' dir='ltr'><strong>in</strong></span> <span class='ocrx_word' id='word_1_127' title='bbox 1383 1109 1513 1150; x_wconf 91' lang='lat' dir='ltr'><strong>dotem</strong></span> <span class='ocrx_word' id='word_1_128' title='bbox 1535 1123 1605 1151; x_wconf 82' lang='lat' dir='ltr'><strong>aes</strong></span> 
     </span>
     <span class='ocr_line' id='line_1_20' title="bbox 151 1175 1605 1233; baseline 0.001 -16"><span class='ocrx_word' id='word_1_129' title='bbox 151 1189 276 1231; x_wconf 77' lang='lat' dir='ltr'><strong>graue</strong></span> <span class='ocrx_word' id='word_1_130' title='bbox 311 1177 573 1233; x_wconf 79' lang='lat' dir='ltr'><strong>acceperunt?</strong></span> <span class='ocrx_word' id='word_1_131' title='bbox 629 1175 877 1232; x_wconf 80' lang='lat' dir='ltr'><strong>Dedignatur</strong></span> <span class='ocrx_word' id='word_1_132' title='bbox 911 1176 1052 1232; x_wconf 89' lang='lat' dir='ltr'><strong>aliquis</strong></span> <span class='ocrx_word' id='word_1_133' title='bbox 1082 1184 1352 1233; x_wconf 85' lang='lat' dir='ltr'><strong>paupertatem</strong></span> <span class='ocrx_word' id='word_1_134' title='bbox 1383 1177 1495 1218; x_wconf 89' lang='lat' dir='ltr'><strong>cuins</strong></span> <span class='ocrx_word' id='word_1_135' title='bbox 1526 1184 1605 1219; x_wconf 86' lang='lat' dir='ltr'><strong>tam</strong></span> 
     </span>
     <span class='ocr_line' id='line_1_21' title="bbox 153 1243 1604 1299; baseline 0.001 -14"><span class='ocrx_word' id='word_1_136' title='bbox 153 1243 286 1285; x_wconf 87' lang='lat' dir='ltr'><strong>clarae</strong></span> <span class='ocrx_word' id='word_1_137' title='bbox 306 1244 498 1299; x_wconf 82' lang='lat' dir='ltr'><strong>imagines</strong></span> <span class='ocrx_word' id='word_1_138' title='bbox 526 1251 639 1286; x_wconf 86' lang='lat' dir='ltr'><strong>sunt:</strong></span> <span class='ocrx_word' id='word_1_139' title='bbox 671 1244 899 1299; x_wconf 86' lang='lat' dir='ltr'><strong>indignatur</strong></span> <span class='ocrx_word' id='word_1_140' title='bbox 923 1245 1018 1286; x_wconf 84' lang='lat' dir='ltr'><strong>exul</strong></span> <span class='ocrx_word' id='word_1_141' title='bbox 1039 1244 1182 1299; x_wconf 86' lang='lat' dir='ltr'><strong>aliquid</strong></span> <span class='ocrx_word' id='word_1_142' title='bbox 1208 1245 1283 1286; x_wconf 88' lang='lat' dir='ltr'><strong>sibi</strong></span> <span class='ocrx_word' id='word_1_143' title='bbox 1307 1246 1447 1286; x_wconf 89' lang='lat' dir='ltr'><strong>deesse</strong></span> <span class='ocrx_word' id='word_1_144' title='bbox 1463 1277 1475 1298; x_wconf 81' lang='lat'>‚</span> <span class='ocrx_word' id='word_1_145' title='bbox 1515 1259 1604 1287; x_wconf 92' lang='lat' dir='ltr'><strong>cum</strong></span> 
     </span>
     <span class='ocr_line' id='line_1_22' title="bbox 151 1310 1604 1368; baseline 0.001 -15"><span class='ocrx_word' id='word_1_146' title='bbox 151 1311 324 1353; x_wconf 84' lang='lat' dir='ltr'><strong>defuerit</strong></span> <span class='ocrx_word' id='word_1_147' title='bbox 339 1310 516 1368; x_wconf 89' lang='lat' dir='ltr'><strong>Scipioni</strong></span> <span class='ocrx_word' id='word_1_148' title='bbox 532 1312 619 1363; x_wconf 90' lang='lat' dir='ltr'><strong>dos,</strong></span> <span class='ocrx_word' id='word_1_149' title='bbox 652 1311 809 1367; x_wconf 86' lang='lat' dir='ltr'><strong>Regulo</strong></span> <span class='ocrx_word' id='word_1_150' title='bbox 824 1312 1109 1364; x_wconf 89' lang='lat' dir='ltr'><strong>mercenarius,</strong></span> <span class='ocrx_word' id='word_1_151' title='bbox 1140 1311 1332 1354; x_wconf 91' lang='lat' dir='ltr'><strong>Menenio</strong></span> <span class='ocrx_word' id='word_1_152' title='bbox 1353 1314 1483 1365; x_wconf 79' lang='lat' dir='ltr'><strong>funus,</strong></span> <span class='ocrx_word' id='word_1_153' title='bbox 1517 1328 1604 1354; x_wconf 89' lang='lat' dir='ltr'><strong>cum</strong></span> 
     </span>
     <span class='ocr_line' id='line_1_23' title="bbox 151 1379 1603 1436; baseline 0 -14"><span class='ocrx_word' id='word_1_154' title='bbox 151 1379 332 1422; x_wconf 87' lang='lat' dir='ltr'><strong>omnibus</strong></span> <span class='ocrx_word' id='word_1_155' title='bbox 354 1379 432 1421; x_wconf 90' lang='lat' dir='ltr'><strong>illis</strong></span> <span class='ocrx_word' id='word_1_156' title='bbox 453 1380 555 1435; x_wconf 91' lang='lat' dir='ltr'><strong>quod</strong></span> <span class='ocrx_word' id='word_1_157' title='bbox 582 1379 720 1421; x_wconf 89' lang='lat' dir='ltr'><strong>deerat</strong></span> <span class='ocrx_word' id='word_1_158' title='bbox 737 1379 826 1421; x_wconf 91' lang='lat' dir='ltr'><strong>ideo</strong></span> <span class='ocrx_word' id='word_1_159' title='bbox 848 1379 1052 1421; x_wconf 87' lang='lat' dir='ltr'><strong>honestius</strong></span> <span class='ocrx_word' id='word_1_160' title='bbox 1077 1380 1295 1436; x_wconf 90' lang='lat' dir='ltr'><strong>suppletum</strong></span> <span class='ocrx_word' id='word_1_161' title='bbox 1317 1380 1390 1433; x_wconf 86' lang='lat' dir='ltr'><strong>sit,</strong></span> <span class='ocrx_word' id='word_1_162' title='bbox 1423 1380 1514 1435; x_wconf 87' lang='lat' dir='ltr'><strong>quia</strong></span> <span class='ocrx_word' id='word_1_163' title='bbox 1537 1381 1603 1422; x_wconf 90' lang='lat' dir='ltr'><strong>de-</strong></span> 
     </span>
    </p>
   </div>
   <div class='ocr_carea' id='block_1_13' title="bbox 153 1448 306 1490">
    <p class='ocr_par' dir='ltr' id='par_1_13' title="bbox 153 1448 306 1490">
     <span class='ocr_line' id='line_1_24' title="bbox 153 1448 306 1490; baseline 0.007 -1"><span class='ocrx_word' id='word_1_164' title='bbox 153 1448 306 1490; x_wconf 75' lang='lat' dir='ltr'><strong>fuerat?</strong></span> 
     </span>
    </p>
   </div>
   <div class='ocr_carea' id='block_1_14' title="bbox 363 1447 1604 1503">
    <p class='ocr_par' dir='ltr' id='par_1_14' title="bbox 363 1447 1604 1503">
     <span class='ocr_line' id='line_1_25' title="bbox 363 1447 1604 1503; baseline 0.001 -14"><span class='ocrx_word' id='word_1_165' title='bbox 363 1447 439 1490; x_wconf 88' lang='lat' dir='ltr'><strong>His</strong></span> <span class='ocrx_word' id='word_1_166' title='bbox 479 1461 574 1503; x_wconf 87' lang='lat' dir='ltr'><strong>ergo</strong></span> <span class='ocrx_word' id='word_1_167' title='bbox 612 1447 815 1489; x_wconf 88' lang='lat' dir='ltr'><strong>aduocatis</strong></span> <span class='ocrx_word' id='word_1_168' title='bbox 853 1462 932 1488; x_wconf 91' lang='lat' dir='ltr'><strong>non</strong></span> <span class='ocrx_word' id='word_1_169' title='bbox 963 1455 1111 1489; x_wconf 85' lang='lat' dir='ltr'><strong>tantum</strong></span> <span class='ocrx_word' id='word_1_170' title='bbox 1141 1454 1225 1489; x_wconf 87' lang='lat' dir='ltr'><strong>tuta</strong></span> <span class='ocrx_word' id='word_1_171' title='bbox 1255 1455 1338 1500; x_wconf 85' lang='lat' dir='ltr'><strong>est,</strong></span> <span class='ocrx_word' id='word_1_172' title='bbox 1385 1449 1455 1490; x_wconf 92' lang='lat' dir='ltr'><strong>sed</strong></span> <span class='ocrx_word' id='word_1_173' title='bbox 1487 1448 1604 1490; x_wconf 86' lang='lat' dir='ltr'><strong>etiam</strong></span> 
     </span>
    </p>
   </div>
   <div class='ocr_carea' id='block_1_15' title="bbox 152 1513 1604 1776">
    <p class='ocr_par' dir='ltr' id='par_1_15' title="bbox 152 1513 1604 1776">
     <span class='ocr_line' id='line_1_26' title="bbox 152 1513 1604 1573; baseline 0.001 -17"><span class='ocrx_word' id='word_1_174' title='bbox 152 1516 328 1571; x_wconf 86' lang='lat' dir='ltr'><strong>gratiosa</strong></span> <span class='ocrx_word' id='word_1_175' title='bbox 351 1523 575 1573; x_wconf 86' lang='lat' dir='ltr'><strong>paupertas.</strong></span> <span class='ocrx_word' id='word_1_176' title='bbox 633 1513 756 1557; x_wconf 85' lang='lat' dir='ltr'>XIII.</span> <span class='ocrx_word' id='word_1_177' title='bbox 789 1515 1040 1572; x_wconf 90' lang='lat' dir='ltr'><strong>Responderi</strong></span> <span class='ocrx_word' id='word_1_178' title='bbox 1071 1523 1223 1572; x_wconf 82' lang='lat' dir='ltr'><strong>potest:</strong></span> <span class='ocrx_word' id='word_1_179' title='bbox 1257 1515 1360 1571; x_wconf 85' lang='lat' dir='ltr'><strong>Quid</strong></span> <span class='ocrx_word' id='word_1_180' title='bbox 1390 1516 1604 1558; x_wconf 85' lang='lat' dir='ltr'><strong>artificiose</strong></span> 
     </span>
     <span class='ocr_line' id='line_1_27' title="bbox 153 1583 1604 1640; baseline 0.001 -16"><span class='ocrx_word' id='word_1_181' title='bbox 153 1583 230 1625; x_wconf 85' lang='lat' dir='ltr'><strong>ista</strong></span> <span class='ocrx_word' id='word_1_182' title='bbox 259 1583 408 1626; x_wconf 90' lang='lat' dir='ltr'><strong>diducis</strong></span> <span class='ocrx_word' id='word_1_183' title='bbox 439 1597 540 1639; x_wconf 85' lang='lat' dir='ltr'><strong>quae</strong></span> <span class='ocrx_word' id='word_1_184' title='bbox 569 1583 724 1638; x_wconf 84' lang='lat' dir='ltr'><strong>singula</strong></span> <span class='ocrx_word' id='word_1_185' title='bbox 761 1584 949 1625; x_wconf 91' lang='lat' dir='ltr'><strong>sustineri</strong></span> <span class='ocrx_word' id='word_1_186' title='bbox 987 1591 1173 1640; x_wconf 88' lang='lat' dir='ltr'><strong>possunt,</strong></span> <span class='ocrx_word' id='word_1_187' title='bbox 1218 1585 1360 1627; x_wconf 85' lang='lat' dir='ltr'><strong>collata</strong></span> <span class='ocrx_word' id='word_1_188' title='bbox 1396 1599 1476 1626; x_wconf 90' lang='lat' dir='ltr'><strong>non</strong></span> <span class='ocrx_word' id='word_1_189' title='bbox 1512 1599 1604 1640; x_wconf 91' lang='lat' dir='ltr'><strong>pos-</strong></span> 
     </span>
     <span class='ocr_line' id='line_1_28' title="bbox 153 1648 1599 1704; baseline 0 -11"><span class='ocrx_word' id='word_1_190' title='bbox 153 1652 271 1694; x_wconf 69' lang='lat' dir='ltr'><strong>sunt?</strong></span> <span class='ocrx_word' id='word_1_191' title='bbox 327 1648 581 1694; x_wconf 84' lang='lat' dir='ltr'><strong>Conmutatio</strong></span> <span class='ocrx_word' id='word_1_192' title='bbox 610 1651 685 1692; x_wconf 86' lang='lat' dir='ltr'><strong>loci</strong></span> <span class='ocrx_word' id='word_1_193' title='bbox 711 1651 924 1692; x_wconf 85' lang='lat' dir='ltr'><strong>tolerabilis</strong></span> <span class='ocrx_word' id='word_1_194' title='bbox 948 1659 1032 1704; x_wconf 88' lang='lat' dir='ltr'><strong>est,</strong></span> <span class='ocrx_word' id='word_1_195' title='bbox 1065 1652 1099 1693; x_wconf 90' lang='lat' dir='ltr'><strong>si</strong></span> <span class='ocrx_word' id='word_1_196' title='bbox 1125 1659 1272 1694; x_wconf 86' lang='lat' dir='ltr'><strong>tantum</strong></span> <span class='ocrx_word' id='word_1_197' title='bbox 1296 1653 1424 1694; x_wconf 92' lang='lat' dir='ltr'><strong>locum</strong></span> <span class='ocrx_word' id='word_1_198' title='bbox 1455 1659 1599 1694; x_wconf 87' lang='lat' dir='ltr'><strong>mutes.</strong></span> 
     </span>
     <span class='ocr_line' id='line_1_29' title="bbox 153 1718 1603 1776; baseline -0.001 -15"><span class='ocrx_word' id='word_1_199' title='bbox 153 1726 362 1776; x_wconf 82' lang='lat' dir='ltr'><strong>paupertas</strong></span> <span class='ocrx_word' id='word_1_200' title='bbox 391 1719 606 1761; x_wconf 85' lang='lat' dir='ltr'><strong>tolerabilis</strong></span> <span class='ocrx_word' id='word_1_201' title='bbox 636 1725 721 1771; x_wconf 88' lang='lat' dir='ltr'><strong>est,</strong></span> <span class='ocrx_word' id='word_1_202' title='bbox 761 1718 795 1759; x_wconf 89' lang='lat' dir='ltr'><strong>si</strong></span> <span class='ocrx_word' id='word_1_203' title='bbox 826 1718 1039 1774; x_wconf 84' lang='lat' dir='ltr'><strong>ignominia</strong></span> <span class='ocrx_word' id='word_1_204' title='bbox 1070 1719 1174 1761; x_wconf 89' lang='lat' dir='ltr'><strong>absit</strong></span> <span class='ocrx_word' id='word_1_205' title='bbox 1202 1734 1302 1775; x_wconf 86' lang='lat' dir='ltr'><strong>quae</strong></span> <span class='ocrx_word' id='word_1_206' title='bbox 1331 1720 1394 1761; x_wconf 92' lang='lat' dir='ltr'><strong>uel</strong></span> <span class='ocrx_word' id='word_1_207' title='bbox 1419 1720 1503 1761; x_wconf 90' lang='lat' dir='ltr'><strong>sola</strong></span> <span class='ocrx_word' id='word_1_208' title='bbox 1534 1734 1603 1775; x_wconf 91' lang='lat' dir='ltr'><strong>op-</strong></span> 
     </span>
    </p>
   </div>
   <div class='ocr_carea' id='block_1_16' title="bbox 149 1786 651 1845">
    <p class='ocr_par' dir='ltr' id='par_1_16' title="bbox 149 1786 651 1845">
     <span class='ocr_line' id='line_1_30' title="bbox 149 1786 651 1845; baseline -0.002 -16"><span class='ocrx_word' id='word_1_209' title='bbox 149 1787 320 1845; x_wconf 89' lang='lat' dir='ltr'><strong>primere</strong></span> <span class='ocrx_word' id='word_1_210' title='bbox 354 1787 507 1829; x_wconf 89' lang='lat' dir='ltr'><strong>animos</strong></span> <span class='ocrx_word' id='word_1_211' title='bbox 534 1786 651 1829; x_wconf 88' lang='lat' dir='ltr'><strong>solet.</strong></span> 
     </span>
    </p>
   </div>
   <div class='ocr_carea' id='block_1_17' title="bbox 725 1785 1601 1843">
    <p class='ocr_par' dir='ltr' id='par_1_17' title="bbox 725 1785 1601 1843">
     <span class='ocr_line' id='line_1_31' title="bbox 725 1785 1601 1843; baseline 0 -15"><span class='ocrx_word' id='word_1_212' title='bbox 725 1785 937 1828; x_wconf 85' lang='lat' dir='ltr'><strong>Aduersus</strong></span> <span class='ocrx_word' id='word_1_213' title='bbox 962 1787 1064 1829; x_wconf 91' lang='lat' dir='ltr'><strong>hunc</strong></span> <span class='ocrx_word' id='word_1_214' title='bbox 1104 1788 1280 1843; x_wconf 89' lang='lat' dir='ltr'><strong>quisquis</strong></span> <span class='ocrx_word' id='word_1_215' title='bbox 1317 1801 1380 1830; x_wconf 92' lang='lat' dir='ltr'><strong>me</strong></span> <span class='ocrx_word' id='word_1_216' title='bbox 1411 1788 1601 1829; x_wconf 87' lang='lat' dir='ltr'><strong>malorum</strong></span> 
     </span>
    </p>
   </div>
   <div class='ocr_carea' id='block_1_18' title="bbox 150 1852 1637 1911">
    <p class='ocr_par' dir='ltr' id='par_1_18' title="bbox 150 1852 1637 1911">
     <span class='ocr_line' id='line_1_32' title="bbox 150 1852 1637 1911; baseline -0.001 -13"><span class='ocrx_word' id='word_1_217' title='bbox 150 1855 265 1899; x_wconf 77' lang='lat' dir='ltr'><strong>turba</strong></span> <span class='ocrx_word' id='word_1_218' title='bbox 289 1855 455 1897; x_wconf 87' lang='lat' dir='ltr'><strong>terrebit</strong></span> <span class='ocrx_word' id='word_1_219' title='bbox 477 1854 538 1896; x_wconf 74' lang='lat' dir='ltr'><strong>his&#39;</strong></span> <span class='ocrx_word' id='word_1_220' title='bbox 558 1852 690 1896; x_wconf 87' lang='lat' dir='ltr'><strong>uerbis</strong></span> <span class='ocrx_word' id='word_1_221' title='bbox 725 1855 914 1896; x_wconf 48' lang='lat' dir='ltr'><strong>utendum,</strong></span> <span class='ocrx_word' id='word_1_222' title='bbox 937 1855 1036 1897; x_wconf 84' lang='lat' dir='ltr'><strong>erit:</strong></span> <span class='ocrx_word' id='word_1_223' title='bbox 1081 1854 1127 1898; x_wconf 88' lang='lat' dir='ltr'><strong>Si</strong></span> <span class='ocrx_word' id='word_1_224' title='bbox 1154 1863 1293 1898; x_wconf 83' lang='lat' dir='ltr'><strong>contra</strong></span> <span class='ocrx_word' id='word_1_225' title='bbox 1320 1855 1604 1911; x_wconf 88' lang='lat' dir='ltr'><strong>unamquamli-</strong></span> <span class='ocrx_word' id='word_1_226' title='bbox 1620 1864 1637 1891; x_wconf 75' lang='lat'><strong>‘2</strong></span> 
     </span>
    </p>
   </div>
   <div class='ocr_carea' id='block_1_19' title="bbox 149 1943 855 2631">
    <p class='ocr_par' dir='ltr' id='par_1_19' title="bbox 150 1943 853 2026">
     <span class='ocr_line' id='line_1_33' title="bbox 153 1943 853 1981; baseline -0.003 0"><span class='ocrx_word' id='word_1_227' title='bbox 153 1945 226 1979; x_wconf 89' lang='lat' dir='ltr'><strong>Col.</strong></span> <span class='ocrx_word' id='word_1_228' title='bbox 283 1946 345 1979; x_wconf 90' lang='lat' dir='ltr'><strong>BG</strong></span> <span class='ocrx_word' id='word_1_229' title='bbox 357 1944 415 1978; x_wconf 79' lang='lat' dir='ltr'><strong>P2·</strong></span> <span class='ocrx_word' id='word_1_230' title='bbox 427 1943 462 1978; x_wconf 82' lang='lat'><strong>4·</strong></span> <span class='ocrx_word' id='word_1_231' title='bbox 475 1946 507 1981; x_wconf 64' lang='lat' dir='ltr'><strong>a:</strong></span> <span class='ocrx_word' id='word_1_232' title='bbox 518 1968 528 1980; x_wconf 82' lang='lat'><strong>.</strong></span> <span class='ocrx_word' id='word_1_233' title='bbox 541 1968 553 1981; x_wconf 76' lang='grc'><strong>.</strong></span> <span class='ocrx_word' id='word_1_234' title='bbox 563 1968 575 1981; x_wconf 77' lang='grc'><strong>.</strong></span> <span class='ocrx_word' id='word_1_235' title='bbox 587 1946 640 1980; x_wconf 67' lang='grc' dir='ltr'><strong>ἕὸο</strong></span> <span class='ocrx_word' id='word_1_236' title='bbox 651 1947 853 1979; x_wconf 86' lang='lat' dir='ltr'><strong>=miseros</strong></span> 
     </span>
     <span class='ocr_line' id='line_1_34' title="bbox 150 1994 277 2026; baseline -0.016 0"><span class='ocrx_word' id='word_1_237' title='bbox 150 1994 277 2026; x_wconf 67' lang='lat' dir='ltr'><strong>vixisse.</strong></span> 
     </span>
    </p>

    <p class='ocr_par' dir='ltr' id='par_1_20' title="bbox 149 2044 855 2631">
     <span class='ocr_line' id='line_1_35' title="bbox 195 2044 854 2088; baseline -0.002 -7"><span class='ocrx_word' id='word_1_238' title='bbox 195 2044 231 2081; x_wconf 80' lang='lat'><strong>4.</strong></span> <span class='ocrx_word' id='word_1_239' title='bbox 255 2048 287 2080; x_wconf 85' lang='lat' dir='ltr'>G</span> <span class='ocrx_word' id='word_1_240' title='bbox 297 2062 344 2076; x_wconf 92' lang='lat'>=</span> <span class='ocrx_word' id='word_1_241' title='bbox 352 2049 476 2088; x_wconf 80' lang='lat' dir='ltr'><strong>publice</strong></span> <span class='ocrx_word' id='word_1_242' title='bbox 491 2050 564 2088; x_wconf 63' lang='lat' dir='ltr'><strong>gyrat</strong></span> <span class='ocrx_word' id='word_1_243' title='bbox 573 2049 584 2079; x_wconf 79' lang='grc' dir='ltr'><em>ἱ</em></span> <span class='ocrx_word' id='word_1_244' title='bbox 594 2057 616 2079; x_wconf 85' lang='grc' dir='ltr'><strong><em>α</em></strong></span> <span class='ocrx_word' id='word_1_245' title='bbox 637 2051 790 2088; x_wconf 76' lang='lat' dir='ltr'><strong>sequester</strong></span> <span class='ocrx_word' id='word_1_246' title='bbox 804 2057 854 2080; x_wconf 82' lang='lat' dir='ltr'><strong>ere</strong></span> 
     </span>
     <span class='ocr_line' id='line_1_36' title="bbox 151 2093 854 2134; baseline -0.003 -7"><span class='ocrx_word' id='word_1_247' title='bbox 151 2095 264 2127; x_wconf 74' lang='lat' dir='ltr'><strong>collato</strong></span> <span class='ocrx_word' id='word_1_248' title='bbox 281 2104 346 2126; x_wconf 87' lang='lat' dir='ltr'><strong>om.</strong></span> <span class='ocrx_word' id='word_1_249' title='bbox 367 2094 438 2134; x_wconf 73' lang='lat' dir='ltr'><strong>suit.</strong></span> <span class='ocrx_word' id='word_1_250' title='bbox 486 2093 515 2124; x_wconf 95' lang='lat' dir='ltr'>D</span> <span class='ocrx_word' id='word_1_251' title='bbox 526 2107 572 2120; x_wconf 93' lang='lat'><strong><em>=</em></strong></span> <span class='ocrx_word' id='word_1_252' title='bbox 583 2103 654 2125; x_wconf 87' lang='lat' dir='ltr'><strong>cum</strong></span> <span class='ocrx_word' id='word_1_253' title='bbox 675 2103 698 2133; x_wconf 84' lang='lat' dir='ltr'><strong>p</strong></span> <span class='ocrx_word' id='word_1_254' title='bbox 709 2103 724 2125; x_wconf 89' lang='lat' dir='ltr'><strong>e</strong></span> <span class='ocrx_word' id='word_1_255' title='bbox 732 2104 752 2125; x_wconf 81' lang='lat' dir='ltr'><strong>n</strong></span> <span class='ocrx_word' id='word_1_256' title='bbox 762 2103 778 2125; x_wconf 93' lang='lat' dir='ltr'><strong>e</strong></span> <span class='ocrx_word' id='word_1_257' title='bbox 786 2103 803 2125; x_wconf 80' lang='lat' dir='ltr'><strong>s</strong></span> <span class='ocrx_word' id='word_1_258' title='bbox 819 2095 854 2125; x_wconf 81' lang='lat' dir='ltr'><strong>in</strong></span> 
     </span>
     <span class='ocr_line' id='line_1_37' title="bbox 153 2138 854 2180; baseline -0.004 -8"><span class='ocrx_word' id='word_1_259' title='bbox 153 2140 272 2180; x_wconf 75' lang='lat' dir='ltr'><strong>Africa.</strong></span> <span class='ocrx_word' id='word_1_260' title='bbox 321 2139 349 2171; x_wconf 92' lang='lat' dir='ltr'>D</span> <span class='ocrx_word' id='word_1_261' title='bbox 360 2140 392 2173; x_wconf 66' lang='lat' dir='ltr'><em>z</em></span> <span class='ocrx_word' id='word_1_262' title='bbox 403 2161 416 2173; x_wconf 64' lang='lat'><em>0</em></span> <span class='ocrx_word' id='word_1_263' title='bbox 428 2161 438 2172; x_wconf 77' lang='grc'><strong>.</strong></span> <span class='ocrx_word' id='word_1_264' title='bbox 450 2160 462 2173; x_wconf 72' lang='grc'><strong>.</strong></span> <span class='ocrx_word' id='word_1_265' title='bbox 475 2138 539 2173; x_wconf 61' lang='lat'><strong>&amp;⁴20</strong></span> <span class='ocrx_word' id='word_1_266' title='bbox 552 2153 597 2166; x_wconf 93' lang='lat'><strong><em>=</em></strong></span> <span class='ocrx_word' id='word_1_267' title='bbox 609 2140 655 2170; x_wconf 87' lang='lat' dir='ltr'><strong>de</strong></span> <span class='ocrx_word' id='word_1_268' title='bbox 665 2140 790 2170; x_wconf 76' lang='lat' dir='ltr'><strong>cessisse</strong></span> <span class='ocrx_word' id='word_1_269' title='bbox 813 2140 854 2170; x_wconf 81' lang='lat' dir='ltr'><strong>ab</strong></span> 
     </span>
     <span class='ocr_line' id='line_1_38' title="bbox 152 2184 852 2218; baseline -0.001 -1"><span class='ocrx_word' id='word_1_270' title='bbox 152 2195 188 2217; x_wconf 87' lang='lat' dir='ltr'><strong>eo</strong></span> <span class='ocrx_word' id='word_1_271' title='bbox 212 2194 278 2216; x_wconf 89' lang='lat' dir='ltr'><strong>om.</strong></span> <span class='ocrx_word' id='word_1_272' title='bbox 299 2187 337 2216; x_wconf 82' lang='lat' dir='ltr'><strong>et.</strong></span> <span class='ocrx_word' id='word_1_273' title='bbox 385 2184 679 2218; x_wconf 61' lang='lat' dir='ltr'><strong>⁵233=decessisse</strong></span> <span class='ocrx_word' id='word_1_274' title='bbox 702 2187 730 2215; x_wconf 84' lang='lat' dir='ltr'><strong>et</strong></span> <span class='ocrx_word' id='word_1_275' title='bbox 748 2185 788 2214; x_wconf 87' lang='lat' dir='ltr'><strong>ab</strong></span> <span class='ocrx_word' id='word_1_276' title='bbox 807 2193 852 2216; x_wconf 89' lang='lat' dir='ltr'><strong>eo.</strong></span> 
     </span>
     <span class='ocr_line' id='line_1_39' title="bbox 154 2227 853 2262; baseline 0 -1"><span class='ocrx_word' id='word_1_277' title='bbox 154 2228 238 2261; x_wconf 83' lang='lat' dir='ltr'><strong>Rell.</strong></span> <span class='ocrx_word' id='word_1_278' title='bbox 259 2228 359 2261; x_wconf 80' lang='lat' dir='ltr'><strong>etiam</strong></span> <span class='ocrx_word' id='word_1_279' title='bbox 380 2227 471 2261; x_wconf 84' lang='lat' dir='ltr'><strong>Pinc.</strong></span> <span class='ocrx_word' id='word_1_280' title='bbox 495 2229 555 2262; x_wconf 90' lang='lat' dir='ltr'><strong>Gr.</strong></span> <span class='ocrx_word' id='word_1_281' title='bbox 581 2241 614 2260; x_wconf 76' lang='grc' dir='ltr'><strong>ω</strong></span> <span class='ocrx_word' id='word_1_282' title='bbox 623 2253 632 2261; x_wconf 93' lang='grc'><strong>.</strong></span> <span class='ocrx_word' id='word_1_283' title='bbox 679 2229 710 2260; x_wconf 87' lang='lat' dir='ltr'><strong>G</strong></span> <span class='ocrx_word' id='word_1_284' title='bbox 730 2243 776 2256; x_wconf 92' lang='lat'><strong><em>=</em></strong></span> <span class='ocrx_word' id='word_1_285' title='bbox 798 2231 853 2261; x_wconf 86' lang='lat' dir='ltr'><strong>de-</strong></span> 
     </span>
     <span class='ocr_line' id='line_1_40' title="bbox 149 2275 855 2317; baseline -0.003 -9"><span class='ocrx_word' id='word_1_286' title='bbox 149 2279 268 2308; x_wconf 79' lang='lat' dir='ltr'><strong>sertum</strong></span> <span class='ocrx_word' id='word_1_287' title='bbox 291 2284 355 2308; x_wconf 75' lang='lat' dir='ltr'><strong>esse</strong></span> <span class='ocrx_word' id='word_1_288' title='bbox 376 2276 456 2307; x_wconf 81' lang='lat' dir='ltr'><strong>ius.</strong></span> <span class='ocrx_word' id='word_1_289' title='bbox 504 2275 557 2317; x_wconf 88' lang='lat' dir='ltr'><strong>Dg</strong></span> <span class='ocrx_word' id='word_1_290' title='bbox 576 2290 623 2303; x_wconf 90' lang='lat'>=</span> <span class='ocrx_word' id='word_1_291' title='bbox 642 2283 773 2315; x_wconf 79' lang='lat' dir='ltr'><strong>rusque</strong></span> <span class='ocrx_word' id='word_1_292' title='bbox 806 2284 855 2306; x_wconf 87' lang='lat' dir='ltr'><strong>se-</strong></span> 
     </span>
     <span class='ocr_line' id='line_1_41' title="bbox 151 2322 853 2361; baseline -0.003 -8"><span class='ocrx_word' id='word_1_293' title='bbox 151 2322 254 2355; x_wconf 71' lang='lat' dir='ltr'><strong>natui.</strong></span> <span class='ocrx_word' id='word_1_294' title='bbox 280 2322 326 2352; x_wconf 78' lang='grc' dir='ltr'><strong>εΛ</strong></span> <span class='ocrx_word' id='word_1_295' title='bbox 343 2324 378 2358; x_wconf 89' lang='grc' dir='ltr'><strong>-Ι-</strong></span> <span class='ocrx_word' id='word_1_296' title='bbox 394 2330 450 2353; x_wconf 85' lang='lat' dir='ltr'><strong>rus</strong></span> <span class='ocrx_word' id='word_1_297' title='bbox 472 2322 556 2361; x_wconf 83' lang='lat' dir='ltr'><strong>quod</strong></span> <span class='ocrx_word' id='word_1_298' title='bbox 579 2322 752 2353; x_wconf 79' lang='lat' dir='ltr'><strong>scilicet</strong></span> <span class='ocrx_word' id='word_1_299' title='bbox 773 2329 853 2353; x_wconf 81' lang='lat' dir='ltr'><strong>rus.</strong></span> 
     </span>
     <span class='ocr_line' id='line_1_42' title="bbox 150 2364 853 2408; baseline -0.003 -10"><span class='ocrx_word' id='word_1_300' title='bbox 150 2366 215 2401; x_wconf 63' lang='grc' dir='ltr'><strong>ΕΘ</strong></span> <span class='ocrx_word' id='word_1_301' title='bbox 225 2379 272 2394; x_wconf 85' lang='lat'><strong>==</strong></span> <span class='ocrx_word' id='word_1_302' title='bbox 285 2367 387 2398; x_wconf 71' lang='lat' dir='ltr'><strong>Fuitn</strong></span> <span class='ocrx_word' id='word_1_303' title='bbox 397 2375 412 2398; x_wconf 89' lang='lat' dir='ltr'><strong>e</strong></span> <span class='ocrx_word' id='word_1_304' title='bbox 435 2367 516 2398; x_wconf 78' lang='lat' dir='ltr'><strong>tanti</strong></span> <span class='ocrx_word' id='word_1_305' title='bbox 531 2378 565 2396; x_wconf 75' lang='grc' dir='ltr'>ω</span> <span class='ocrx_word' id='word_1_306' title='bbox 584 2366 689 2399; x_wconf 80' lang='lat' dir='ltr'><strong>esset?</strong></span> <span class='ocrx_word' id='word_1_307' title='bbox 713 2376 774 2408; x_wconf 87' lang='lat' dir='ltr'><strong>per</strong></span> <span class='ocrx_word' id='word_1_308' title='bbox 796 2364 853 2396; x_wconf 86' lang='lat' dir='ltr'><strong>in-</strong></span> 
     </span>
     <span class='ocr_line' id='line_1_43' title="bbox 150 2407 854 2453; baseline -0.001 -11"><span class='ocrx_word' id='word_1_309' title='bbox 150 2407 422 2453; x_wconf 75' lang='lat' dir='ltr'><strong>terrogationem.</strong></span> <span class='ocrx_word' id='word_1_310' title='bbox 479 2410 524 2444; x_wconf 66' lang='lat' dir='ltr'><strong>⁵)Jt</strong></span> <span class='ocrx_word' id='word_1_311' title='bbox 546 2435 556 2445; x_wconf 82' lang='lat'><strong>.</strong></span> <span class='ocrx_word' id='word_1_312' title='bbox 571 2434 582 2446; x_wconf 80' lang='grc'><strong>.</strong></span> <span class='ocrx_word' id='word_1_313' title='bbox 596 2434 607 2445; x_wconf 83' lang='grc'><strong>.</strong></span> <span class='ocrx_word' id='word_1_314' title='bbox 631 2407 691 2445; x_wconf 67' lang='lat'><strong>24.</strong></span> <span class='ocrx_word' id='word_1_315' title='bbox 716 2429 760 2434; x_wconf 92' lang='lat'><strong>—</strong></span> <span class='ocrx_word' id='word_1_316' title='bbox 793 2419 854 2442; x_wconf 83' lang='lat' dir='ltr'><strong>nae</strong></span> 
     </span>
     <span class='ocr_line' id='line_1_44' title="bbox 154 2454 853 2498; baseline 0.001 -12"><span class='ocrx_word' id='word_1_317' title='bbox 154 2461 273 2487; x_wconf 76' lang='lat' dir='ltr'><strong>contra</strong></span> <span class='ocrx_word' id='word_1_318' title='bbox 291 2461 396 2487; x_wconf 86' lang='lat' dir='ltr'><strong>mstos</strong></span> <span class='ocrx_word' id='word_1_319' title='bbox 418 2454 519 2487; x_wconf 80' lang='lat' dir='ltr'><strong>etiam</strong></span> <span class='ocrx_word' id='word_1_320' title='bbox 531 2456 590 2488; x_wconf 87' lang='lat' dir='ltr'><strong>Gr.</strong></span> <span class='ocrx_word' id='word_1_321' title='bbox 636 2466 658 2498; x_wconf 85' lang='lat' dir='ltr'><strong>g</strong></span> <span class='ocrx_word' id='word_1_322' title='bbox 668 2469 715 2482; x_wconf 97' lang='lat'><strong><em>=</em></strong></span> <span class='ocrx_word' id='word_1_323' title='bbox 726 2464 853 2495; x_wconf 81' lang='lat' dir='ltr'><strong>accepe-</strong></span> 
     </span>
     <span class='ocr_line' id='line_1_45' title="bbox 151 2501 853 2541; baseline -0.006 -6"><span class='ocrx_word' id='word_1_324' title='bbox 151 2503 256 2532; x_wconf 67' lang='lat' dir='ltr'><strong>ram·</strong></span> <span class='ocrx_word' id='word_1_325' title='bbox 303 2501 377 2534; x_wconf 57' lang='grc' dir='ltr'><strong>οἵ..</strong></span> <span class='ocrx_word' id='word_1_326' title='bbox 392 2524 402 2534; x_wconf 85' lang='grc'><strong>.</strong></span> <span class='ocrx_word' id='word_1_327' title='bbox 417 2501 450 2535; x_wconf 60' lang='grc' dir='ltr'><strong>(ὃ</strong></span> <span class='ocrx_word' id='word_1_328' title='bbox 463 2503 717 2541; x_wconf 80' lang='lat' dir='ltr'><strong>=receperunt</strong></span> <span class='ocrx_word' id='word_1_329' title='bbox 736 2506 853 2532; x_wconf 85' lang='lat' dir='ltr'><strong>contra</strong></span> 
     </span>
     <span class='ocr_line' id='line_1_46' title="bbox 153 2543 855 2585; baseline 0 -9"><span class='ocrx_word' id='word_1_330' title='bbox 153 2550 258 2577; x_wconf 78' lang='lat' dir='ltr'><strong>mstos</strong></span> <span class='ocrx_word' id='word_1_331' title='bbox 278 2543 379 2576; x_wconf 82' lang='lat' dir='ltr'><strong>etiam</strong></span> <span class='ocrx_word' id='word_1_332' title='bbox 397 2544 490 2577; x_wconf 85' lang='lat' dir='ltr'><strong>Pinc.</strong></span> <span class='ocrx_word' id='word_1_333' title='bbox 513 2545 571 2578; x_wconf 89' lang='lat' dir='ltr'><strong>Gr.</strong></span> <span class='ocrx_word' id='word_1_334' title='bbox 617 2546 855 2585; x_wconf 77' lang='lat' dir='ltr'><strong>D=reliquit</strong></span> 
     </span>
     <span class='ocr_line' id='line_1_47' title="bbox 151 2594 253 2631; baseline 0 -9"><span class='ocrx_word' id='word_1_335' title='bbox 151 2594 253 2631; x_wconf 80' lang='lat' dir='ltr'><strong>pater.</strong></span> 
     </span>
    </p>
   </div>
   <div class='ocr_carea' id='block_1_20' title="bbox 151 2645 858 2871">
    <p class='ocr_par' dir='ltr' id='par_1_21' title="bbox 151 2645 858 2871">
     <span class='ocr_line' id='line_1_48' title="bbox 199 2645 856 2682; baseline 0 -4"><span class='ocrx_word' id='word_1_336' title='bbox 199 2645 232 2679; x_wconf 88' lang='lat'><strong>5.</strong></span> <span class='ocrx_word' id='word_1_337' title='bbox 258 2646 384 2682; x_wconf 62' lang='lat' dir='ltr'>131)ssss</span> <span class='ocrx_word' id='word_1_338' title='bbox 396 2659 442 2674; x_wconf 88' lang='lat'><em>=</em></span> <span class='ocrx_word' id='word_1_339' title='bbox 453 2647 653 2679; x_wconf 80' lang='lat' dir='ltr'><strong>mehercule.</strong></span> <span class='ocrx_word' id='word_1_340' title='bbox 701 2647 729 2678; x_wconf 74' lang='lat' dir='ltr'>A</span> <span class='ocrx_word' id='word_1_341' title='bbox 739 2660 785 2674; x_wconf 92' lang='lat'><strong><em>=</em></strong></span> <span class='ocrx_word' id='word_1_342' title='bbox 798 2652 856 2678; x_wconf 78' lang='lat' dir='ltr'><strong>Ae-</strong></span> 
     </span>
     <span class='ocr_line' id='line_1_49' title="bbox 153 2692 856 2740; baseline -0.001 -16"><span class='ocrx_word' id='word_1_343' title='bbox 153 2702 263 2740; x_wconf 30' lang='lat' dir='ltr'><strong>quum*</strong></span> <span class='ocrx_word' id='word_1_344' title='bbox 273 2693 294 2724; x_wconf 75' lang='lat' dir='ltr'><strong>lt</strong></span> <span class='ocrx_word' id='word_1_345' title='bbox 305 2701 320 2724; x_wconf 88' lang='lat' dir='ltr'><strong>e</strong></span> <span class='ocrx_word' id='word_1_346' title='bbox 330 2693 449 2725; x_wconf 82' lang='lat' dir='ltr'><strong>rcules.</strong></span> <span class='ocrx_word' id='word_1_347' title='bbox 472 2692 503 2723; x_wconf 89' lang='lat' dir='ltr'>G</span> <span class='ocrx_word' id='word_1_348' title='bbox 515 2706 559 2716; x_wconf 84' lang='lat'><strong>---</strong></span> <span class='ocrx_word' id='word_1_349' title='bbox 568 2695 645 2724; x_wconf 82' lang='lat' dir='ltr'><strong>erat.</strong></span> <span class='ocrx_word' id='word_1_350' title='bbox 680 2703 701 2735; x_wconf 89' lang='lat' dir='ltr'><strong>g</strong></span> <span class='ocrx_word' id='word_1_351' title='bbox 711 2706 757 2719; x_wconf 89' lang='lat'><strong><em>=</em></strong></span> <span class='ocrx_word' id='word_1_352' title='bbox 768 2693 856 2724; x_wconf 85' lang='lat' dir='ltr'><strong>Rom.</strong></span> 
     </span>
     <span class='ocr_line' id='line_1_50' title="bbox 151 2737 857 2780; baseline -0.001 -11"><span class='ocrx_word' id='word_1_353' title='bbox 151 2739 315 2779; x_wconf 78' lang='lat' dir='ltr'><strong>populum.</strong></span> <span class='ocrx_word' id='word_1_354' title='bbox 350 2737 373 2768; x_wconf 84' lang='lat' dir='ltr'>B</span> <span class='ocrx_word' id='word_1_355' title='bbox 383 2751 430 2765; x_wconf 93' lang='lat'><strong><em>=</em></strong></span> <span class='ocrx_word' id='word_1_356' title='bbox 443 2738 615 2778; x_wconf 64' lang='lat' dir='ltr'><strong>carthagin</strong></span> <span class='ocrx_word' id='word_1_357' title='bbox 625 2747 640 2770; x_wconf 84' lang='lat' dir='ltr'><strong>e</strong></span> <span class='ocrx_word' id='word_1_358' title='bbox 650 2747 682 2769; x_wconf 90' lang='lat' dir='ltr'><strong>m</strong></span> <span class='ocrx_word' id='word_1_359' title='bbox 705 2738 764 2780; x_wconf 80' lang='lat' dir='ltr'><strong>(cr.</strong></span> <span class='ocrx_word' id='word_1_360' title='bbox 785 2746 801 2769; x_wconf 89' lang='lat' dir='ltr'><strong>e</strong></span> <span class='ocrx_word' id='word_1_361' title='bbox 809 2747 830 2768; x_wconf 81' lang='lat' dir='ltr'><strong>n</strong></span> <span class='ocrx_word' id='word_1_362' title='bbox 843 2754 857 2761; x_wconf 93' lang='lat'>-</span> 
     </span>
     <span class='ocr_line' id='line_1_51' title="bbox 155 2782 858 2825; baseline 0 -11"><span class='ocrx_word' id='word_1_363' title='bbox 155 2782 300 2825; x_wconf 80' lang='lat' dir='ltr'><strong>sibus).</strong></span> <span class='ocrx_word' id='word_1_364' title='bbox 327 2782 414 2815; x_wconf 84' lang='lat' dir='ltr'><strong>G=</strong></span> <span class='ocrx_word' id='word_1_365' title='bbox 426 2785 500 2815; x_wconf 77' lang='lat' dir='ltr'><strong>istos</strong></span> <span class='ocrx_word' id='word_1_366' title='bbox 520 2786 639 2823; x_wconf 74' lang='lat' dir='ltr'><strong>putes.</strong></span> <span class='ocrx_word' id='word_1_367' title='bbox 677 2782 709 2815; x_wconf 87' lang='lat' dir='ltr'><strong>G</strong></span> <span class='ocrx_word' id='word_1_368' title='bbox 721 2791 858 2823; x_wconf 82' lang='lat' dir='ltr'><strong>=pan-</strong></span> 
     </span>
     <span class='ocr_line' id='line_1_52' title="bbox 156 2829 858 2871; baseline 0.001 -12"><span class='ocrx_word' id='word_1_369' title='bbox 156 2830 219 2860; x_wconf 69' lang='lat' dir='ltr'><strong>vom</strong></span> <span class='ocrx_word' id='word_1_370' title='bbox 230 2830 307 2861; x_wconf 78' lang='lat' dir='ltr'><strong>ine.</strong></span> <span class='ocrx_word' id='word_1_371' title='bbox 342 2829 472 2870; x_wconf 72' lang='grc' dir='ltr'>Δ(εω)</span> <span class='ocrx_word' id='word_1_372' title='bbox 482 2838 559 2869; x_wconf 78' lang='lat' dir='ltr'><strong>=p</strong></span> <span class='ocrx_word' id='word_1_373' title='bbox 571 2837 591 2861; x_wconf 86' lang='lat' dir='ltr'><strong>a</strong></span> <span class='ocrx_word' id='word_1_374' title='bbox 601 2830 757 2861; x_wconf 81' lang='lat' dir='ltr'><strong>tomimue.</strong></span> <span class='ocrx_word' id='word_1_375' title='bbox 780 2838 802 2871; x_wconf 87' lang='lat' dir='ltr'><strong>g</strong></span> <span class='ocrx_word' id='word_1_376' title='bbox 813 2842 858 2856; x_wconf 91' lang='lat'>=</span> 
     </span>
    </p>
   </div>
   <div class='ocr_carea' id='block_1_21' title="bbox 898 1946 1603 2078">
    <p class='ocr_par' dir='ltr' id='par_1_22' title="bbox 898 1946 1603 2078">
     <span class='ocr_line' id='line_1_53' title="bbox 898 1946 1603 1988; baseline -0.003 -9"><span class='ocrx_word' id='word_1_377' title='bbox 898 1948 1048 1979; x_wconf 82' lang='lat' dir='ltr'><strong>nubent.</strong></span> <span class='ocrx_word' id='word_1_378' title='bbox 1097 1949 1235 1988; x_wconf 60' lang='lat' dir='ltr'><strong>afim)</strong></span> <span class='ocrx_word' id='word_1_379' title='bbox 1258 1966 1298 1973; x_wconf 86' lang='lat'>—</span> <span class='ocrx_word' id='word_1_380' title='bbox 1318 1948 1417 1979; x_wconf 83' lang='lat' dir='ltr'><strong>liberi.</strong></span> <span class='ocrx_word' id='word_1_381' title='bbox 1464 1946 1603 1978; x_wconf 84' lang='lat' dir='ltr'><strong>D=li-</strong></span> 
     </span>
     <span class='ocr_line' id='line_1_54' title="bbox 899 1993 1602 2034; baseline -0.001 -10"><span class='ocrx_word' id='word_1_382' title='bbox 899 1993 994 2024; x_wconf 83' lang='lat' dir='ltr'><strong>bere.</strong></span> <span class='ocrx_word' id='word_1_383' title='bbox 1035 1993 1261 2030; x_wconf 58' lang='lat' dir='ltr'><strong>Gzffi=Me</strong></span> <span class='ocrx_word' id='word_1_384' title='bbox 1284 2002 1402 2026; x_wconf 84' lang='lat' dir='ltr'><strong>nemo</strong></span> <span class='ocrx_word' id='word_1_385' title='bbox 1425 1993 1550 2033; x_wconf 74' lang='lat' dir='ltr'><strong>sunus.</strong></span> <span class='ocrx_word' id='word_1_386' title='bbox 1580 2002 1602 2034; x_wconf 89' lang='lat' dir='ltr'><strong>g</strong></span> 
     </span>
     <span class='ocr_line' id='line_1_55' title="bbox 898 2039 1260 2078; baseline 0.003 -9"><span class='ocrx_word' id='word_1_387' title='bbox 898 2052 945 2065; x_wconf 93' lang='lat'>=</span> <span class='ocrx_word' id='word_1_388' title='bbox 960 2039 1100 2070; x_wconf 81' lang='lat' dir='ltr'><strong>Menenio</strong></span> <span class='ocrx_word' id='word_1_389' title='bbox 1123 2039 1260 2078; x_wconf 81' lang='lat' dir='ltr'><strong>furnus.</strong></span> 
     </span>
    </p>
   </div>
   <div class='ocr_carea' id='block_1_22' title="bbox 895 2093 1602 2316">
    <p class='ocr_par' dir='ltr' id='par_1_23' title="bbox 895 2093 1602 2316">
     <span class='ocr_line' id='line_1_56' title="bbox 942 2093 1602 2136; baseline -0.002 -10"><span class='ocrx_word' id='word_1_390' title='bbox 942 2096 1006 2126; x_wconf 84' lang='lat' dir='ltr'><strong>illis</strong></span> <span class='ocrx_word' id='word_1_391' title='bbox 1039 2096 1123 2135; x_wconf 80' lang='lat' dir='ltr'><strong>quod</strong></span> <span class='ocrx_word' id='word_1_392' title='bbox 1146 2095 1252 2126; x_wconf 82' lang='lat' dir='ltr'><strong>deerat</strong></span> <span class='ocrx_word' id='word_1_393' title='bbox 1275 2109 1320 2122; x_wconf 91' lang='lat'>=</span> <span class='ocrx_word' id='word_1_394' title='bbox 1343 2093 1444 2125; x_wconf 78' lang='lat' dir='ltr'><strong>BGA.</strong></span> <span class='ocrx_word' id='word_1_395' title='bbox 1513 2105 1535 2136; x_wconf 88' lang='lat' dir='ltr'><strong>g</strong></span> <span class='ocrx_word' id='word_1_396' title='bbox 1555 2106 1602 2120; x_wconf 95' lang='lat'>=</span> 
     </span>
     <span class='ocr_line' id='line_1_57' title="bbox 895 2140 1596 2180; baseline 0.006 -9"><span class='ocrx_word' id='word_1_397' title='bbox 895 2141 960 2171; x_wconf 66' lang='lat' dir='ltr'><strong>illis</strong></span> <span class='ocrx_word' id='word_1_398' title='bbox 982 2141 1138 2180; x_wconf 84' lang='lat' dir='ltr'><strong>quibus</strong></span> <span class='ocrx_word' id='word_1_399' title='bbox 1160 2141 1278 2172; x_wconf 84' lang='lat' dir='ltr'><strong>deerat.</strong></span> <span class='ocrx_word' id='word_1_400' title='bbox 1326 2140 1446 2174; x_wconf 64' lang='lat' dir='ltr'><strong>Dz..</strong></span> <span class='ocrx_word' id='word_1_401' title='bbox 1461 2140 1536 2174; x_wconf 61' lang='lat'>‚3130</span> <span class='ocrx_word' id='word_1_402' title='bbox 1561 2142 1596 2176; x_wconf 78' lang='grc' dir='ltr'><strong>-ἰ-</strong></span> 
     </span>
     <span class='ocr_line' id='line_1_58' title="bbox 896 2182 1601 2225; baseline 0.004 -9"><span class='ocrx_word' id='word_1_403' title='bbox 896 2186 960 2216; x_wconf 84' lang='lat' dir='ltr'><strong>illis</strong></span> <span class='ocrx_word' id='word_1_404' title='bbox 994 2185 1038 2216; x_wconf 84' lang='lat' dir='ltr'><strong>id</strong></span> <span class='ocrx_word' id='word_1_405' title='bbox 1067 2186 1151 2225; x_wconf 83' lang='lat' dir='ltr'><strong>quod</strong></span> <span class='ocrx_word' id='word_1_406' title='bbox 1175 2186 1291 2217; x_wconf 74' lang='lat' dir='ltr'><strong>deerat..</strong></span> <span class='ocrx_word' id='word_1_407' title='bbox 1342 2185 1369 2216; x_wconf 91' lang='lat' dir='ltr'>D</span> <span class='ocrx_word' id='word_1_408' title='bbox 1387 2182 1442 2216; x_wconf 75' lang='lat'><strong>1²2.</strong></span> <span class='ocrx_word' id='word_1_409' title='bbox 1465 2185 1530 2219; x_wconf 58' lang='lat'><strong>328</strong></span> <span class='ocrx_word' id='word_1_410' title='bbox 1554 2198 1601 2212; x_wconf 85' lang='lat'>=</span> 
     </span>
     <span class='ocr_line' id='line_1_59' title="bbox 899 2229 1599 2270; baseline 0 -8"><span class='ocrx_word' id='word_1_411' title='bbox 899 2231 1012 2270; x_wconf 79' lang='lat' dir='ltr'><strong>quod</strong></span> <span class='ocrx_word' id='word_1_412' title='bbox 1035 2231 1188 2270; x_wconf 71' lang='lat' dir='ltr'><strong>defuerat.</strong></span> <span class='ocrx_word' id='word_1_413' title='bbox 1235 2229 1319 2262; x_wconf 89' lang='lat' dir='ltr'><strong>Rell.</strong></span> <span class='ocrx_word' id='word_1_414' title='bbox 1343 2229 1443 2262; x_wconf 83' lang='lat' dir='ltr'><strong>etiam</strong></span> <span class='ocrx_word' id='word_1_415' title='bbox 1468 2230 1526 2262; x_wconf 87' lang='lat' dir='ltr'><strong>Gr.</strong></span> <span class='ocrx_word' id='word_1_416' title='bbox 1548 2243 1599 2263; x_wconf 79' lang='grc' dir='ltr'><strong>ω.</strong></span> 
     </span>
     <span class='ocr_line' id='line_1_60' title="bbox 898 2273 1441 2316; baseline 0 -9"><span class='ocrx_word' id='word_1_417' title='bbox 898 2275 929 2307; x_wconf 91' lang='lat' dir='ltr'><strong>l)</strong></span> <span class='ocrx_word' id='word_1_418' title='bbox 942 2273 1001 2308; x_wconf 83' lang='lat' dir='ltr'><strong>P2.</strong></span> <span class='ocrx_word' id='word_1_419' title='bbox 1015 2294 1059 2300; x_wconf 93' lang='lat'><strong>—</strong></span> <span class='ocrx_word' id='word_1_420' title='bbox 1070 2277 1165 2308; x_wconf 79' lang='lat' dir='ltr'><strong>etiam</strong></span> <span class='ocrx_word' id='word_1_421' title='bbox 1188 2281 1267 2308; x_wconf 87' lang='lat' dir='ltr'><strong>ante</strong></span> <span class='ocrx_word' id='word_1_422' title='bbox 1290 2277 1441 2316; x_wconf 70' lang='lat' dir='ltr'><strong>graliosa.</strong></span> 
     </span>
    </p>
   </div>
   <div class='ocr_carea' id='block_1_23' title="bbox 1152 2365 1349 2409">
    <p class='ocr_par' dir='ltr' id='par_1_24' title="bbox 1152 2365 1349 2409">
     <span class='ocr_line' id='line_1_61' title="bbox 1152 2365 1349 2409; baseline -0.01 -11"><span class='ocrx_word' id='word_1_423' title='bbox 1152 2365 1231 2409; x_wconf 84' lang='lat' dir='ltr'><strong>cap.</strong></span> <span class='ocrx_word' id='word_1_424' title='bbox 1254 2365 1349 2397; x_wconf 87' lang='lat' dir='ltr'>XIII.</span> 
     </span>
    </p>
   </div>
   <div class='ocr_carea' id='block_1_24' title="bbox 899 2420 1602 2872">
    <p class='ocr_par' dir='ltr' id='par_1_25' title="bbox 899 2420 1602 2872">
     <span class='ocr_line' id='line_1_62' title="bbox 945 2420 1600 2464; baseline -0.005 -9"><span class='ocrx_word' id='word_1_425' title='bbox 945 2433 965 2464; x_wconf 89' lang='lat' dir='ltr'><strong>g</strong></span> <span class='ocrx_word' id='word_1_426' title='bbox 977 2436 1023 2450; x_wconf 88' lang='lat'>=</span> <span class='ocrx_word' id='word_1_427' title='bbox 1033 2423 1110 2463; x_wconf 82' lang='lat' dir='ltr'><strong>quid</strong></span> <span class='ocrx_word' id='word_1_428' title='bbox 1119 2431 1134 2454; x_wconf 86' lang='lat' dir='ltr'><strong>e</strong></span> <span class='ocrx_word' id='word_1_429' title='bbox 1144 2432 1176 2454; x_wconf 89' lang='lat' dir='ltr'><strong>m</strong></span> <span class='ocrx_word' id='word_1_430' title='bbox 1190 2422 1366 2462; x_wconf 68' lang='lat' dir='ltr'><strong>artificiose.</strong></span> <span class='ocrx_word' id='word_1_431' title='bbox 1394 2420 1600 2453; x_wconf 83' lang='lat' dir='ltr'><strong>BGDGerm.</strong></span> 
     </span>
     <span class='ocr_line' id='line_1_63' title="bbox 900 2466 1600 2510; baseline 0 -12"><span class='ocrx_word' id='word_1_432' title='bbox 900 2467 987 2498; x_wconf 81' lang='lat' dir='ltr'><strong>Scal.</strong></span> <span class='ocrx_word' id='word_1_433' title='bbox 1001 2468 1067 2502; x_wconf 57' lang='lat'><strong>:3³25</strong></span> <span class='ocrx_word' id='word_1_434' title='bbox 1088 2482 1133 2495; x_wconf 86' lang='lat'>=</span> <span class='ocrx_word' id='word_1_435' title='bbox 1152 2469 1215 2499; x_wconf 80' lang='lat' dir='ltr'><strong>ista</strong></span> <span class='ocrx_word' id='word_1_436' title='bbox 1238 2467 1391 2498; x_wconf 79' lang='lat' dir='ltr'><strong>deducis.</strong></span> <span class='ocrx_word' id='word_1_437' title='bbox 1438 2478 1460 2510; x_wconf 85' lang='lat' dir='ltr'><strong>g</strong></span> <span class='ocrx_word' id='word_1_438' title='bbox 1475 2481 1521 2494; x_wconf 96' lang='lat'>=</span> <span class='ocrx_word' id='word_1_439' title='bbox 1533 2466 1600 2498; x_wconf 75' lang='lat' dir='ltr'><strong>¹ista</strong></span> 
     </span>
     <span class='ocr_line' id='line_1_64' title="bbox 899 2512 1601 2554; baseline 0 -11"><span class='ocrx_word' id='word_1_440' title='bbox 899 2521 1008 2552; x_wconf 82' lang='lat' dir='ltr'><strong>quae</strong></span> <span class='ocrx_word' id='word_1_441' title='bbox 1031 2513 1187 2545; x_wconf 82' lang='lat' dir='ltr'><strong>deducis.</strong></span> <span class='ocrx_word' id='word_1_442' title='bbox 1224 2512 1274 2554; x_wconf 87' lang='lat' dir='ltr'><strong>Dg</strong></span> <span class='ocrx_word' id='word_1_443' title='bbox 1288 2512 1339 2545; x_wconf 58' lang='grc'><strong>3.</strong></span> <span class='ocrx_word' id='word_1_444' title='bbox 1356 2534 1366 2546; x_wconf 86' lang='grc'><strong>.</strong></span> <span class='ocrx_word' id='word_1_445' title='bbox 1380 2534 1390 2546; x_wconf 73' lang='grc'><strong>.</strong></span> <span class='ocrx_word' id='word_1_446' title='bbox 1405 2513 1469 2547; x_wconf 66' lang='lat' dir='ltr'><strong>QZ.</strong></span> <span class='ocrx_word' id='word_1_447' title='bbox 1483 2513 1601 2543; x_wconf 87' lang='lat' dir='ltr'><strong>—col-</strong></span> 
     </span>
     <span class='ocr_line' id='line_1_65' title="bbox 899 2555 1599 2598; baseline 0 -10"><span class='ocrx_word' id='word_1_448' title='bbox 899 2559 966 2589; x_wconf 77' lang='lat' dir='ltr'><strong>lata</strong></span> <span class='ocrx_word' id='word_1_449' title='bbox 990 2567 1052 2590; x_wconf 82' lang='lat' dir='ltr'><strong>non</strong></span> <span class='ocrx_word' id='word_1_450' title='bbox 1084 2560 1224 2598; x_wconf 77' lang='lat' dir='ltr'><strong>possunt.</strong></span> <span class='ocrx_word' id='word_1_451' title='bbox 1271 2555 1354 2588; x_wconf 84' lang='lat' dir='ltr'><strong>Rell.</strong></span> <span class='ocrx_word' id='word_1_452' title='bbox 1384 2556 1484 2588; x_wconf 83' lang='lat' dir='ltr'><strong>etiam</strong></span> <span class='ocrx_word' id='word_1_453' title='bbox 1508 2555 1599 2589; x_wconf 85' lang='lat' dir='ltr'><strong>Pinc.</strong></span> 
     </span>
     <span class='ocr_line' id='line_1_66' title="bbox 902 2601 1602 2643; baseline 0 -10"><span class='ocrx_word' id='word_1_454' title='bbox 902 2602 962 2633; x_wconf 88' lang='lat' dir='ltr'><strong>Gr.</strong></span> <span class='ocrx_word' id='word_1_455' title='bbox 990 2614 1040 2633; x_wconf 78' lang='grc' dir='ltr'><strong>ω.</strong></span> <span class='ocrx_word' id='word_1_456' title='bbox 1090 2604 1143 2637; x_wconf 62' lang='lat' dir='ltr'><strong>z.</strong></span> <span class='ocrx_word' id='word_1_457' title='bbox 1159 2625 1169 2636; x_wconf 80' lang='grc'><strong>.</strong></span> <span class='ocrx_word' id='word_1_458' title='bbox 1185 2624 1196 2636; x_wconf 76' lang='grc'><strong>.</strong></span> <span class='ocrx_word' id='word_1_459' title='bbox 1210 2601 1274 2636; x_wconf 71' lang='grc' dir='ltr'><strong>(ξῖ.</strong></span> <span class='ocrx_word' id='word_1_460' title='bbox 1301 2605 1336 2639; x_wconf 75' lang='lat' dir='ltr'><strong>-l-</strong></span> <span class='ocrx_word' id='word_1_461' title='bbox 1361 2603 1534 2643; x_wconf 70' lang='lat' dir='ltr'><strong>ignominia</strong></span> <span class='ocrx_word' id='word_1_462' title='bbox 1564 2603 1602 2634; x_wconf 77' lang='lat' dir='ltr'><strong>ei</strong></span> 
     </span>
     <span class='ocr_line' id='line_1_67' title="bbox 901 2643 1599 2682; baseline 0.001 -4"><span class='ocrx_word' id='word_1_463' title='bbox 901 2649 992 2679; x_wconf 84' lang='lat' dir='ltr'><strong>absit.</strong></span> <span class='ocrx_word' id='word_1_464' title='bbox 1029 2647 1091 2679; x_wconf 88' lang='lat' dir='ltr'><strong>GD</strong></span> <span class='ocrx_word' id='word_1_465' title='bbox 1103 2645 1160 2679; x_wconf 72' lang='lat'><strong>1³2.</strong></span> <span class='ocrx_word' id='word_1_466' title='bbox 1173 2643 1207 2679; x_wconf 85' lang='grc'><strong>4.</strong></span> <span class='ocrx_word' id='word_1_467' title='bbox 1222 2648 1253 2681; x_wconf 61' lang='lat' dir='ltr'><em>z</em></span> <span class='ocrx_word' id='word_1_468' title='bbox 1263 2670 1274 2681; x_wconf 80' lang='grc'><strong>.</strong></span> <span class='ocrx_word' id='word_1_469' title='bbox 1286 2670 1297 2681; x_wconf 76' lang='grc'><strong>.</strong></span> <span class='ocrx_word' id='word_1_470' title='bbox 1312 2669 1322 2681; x_wconf 81' lang='grc'><strong>.</strong></span> <span class='ocrx_word' id='word_1_471' title='bbox 1337 2647 1401 2682; x_wconf 59' lang='lat'><strong>(32.</strong></span> <span class='ocrx_word' id='word_1_472' title='bbox 1417 2666 1455 2672; x_wconf 90' lang='lat'>-</span> <span class='ocrx_word' id='word_1_473' title='bbox 1467 2649 1516 2680; x_wconf 83' lang='lat' dir='ltr'><strong>vel</strong></span> <span class='ocrx_word' id='word_1_474' title='bbox 1537 2658 1599 2679; x_wconf 83' lang='lat' dir='ltr'><strong>an-</strong></span> 
     </span>
     <span class='ocr_line' id='line_1_68' title="bbox 901 2690 1599 2726; baseline 0.004 -3"><span class='ocrx_word' id='word_1_475' title='bbox 901 2697 937 2723; x_wconf 79' lang='lat' dir='ltr'><strong>te</strong></span> <span class='ocrx_word' id='word_1_476' title='bbox 958 2693 1037 2723; x_wconf 85' lang='lat' dir='ltr'><strong>solo.</strong></span> <span class='ocrx_word' id='word_1_477' title='bbox 1084 2691 1167 2724; x_wconf 82' lang='lat' dir='ltr'><strong>Bell.</strong></span> <span class='ocrx_word' id='word_1_478' title='bbox 1181 2691 1282 2724; x_wconf 84' lang='lat' dir='ltr'><strong>etiam</strong></span> <span class='ocrx_word' id='word_1_479' title='bbox 1294 2690 1384 2724; x_wconf 81' lang='lat' dir='ltr'><strong>Pinc.</strong></span> <span class='ocrx_word' id='word_1_480' title='bbox 1395 2691 1455 2725; x_wconf 76' lang='lat'><strong>1²3.</strong></span> <span class='ocrx_word' id='word_1_481' title='bbox 1471 2691 1599 2726; x_wconf 65' lang='lat' dir='ltr'><strong>cotm.</strong></span> 
     </span>
     <span class='ocr_line' id='line_1_69' title="bbox 903 2734 1600 2772; baseline 0.003 -4"><span class='ocrx_word' id='word_1_482' title='bbox 903 2737 962 2768; x_wconf 89' lang='lat' dir='ltr'><strong>BD</strong></span> <span class='ocrx_word' id='word_1_483' title='bbox 974 2734 1075 2770; x_wconf 68' lang='lat'><strong>1²24.</strong></span> <span class='ocrx_word' id='word_1_484' title='bbox 1089 2739 1144 2772; x_wconf 64' lang='grc' dir='ltr'><strong>ΞΕ.</strong></span> <span class='ocrx_word' id='word_1_485' title='bbox 1157 2759 1168 2772; x_wconf 50' lang='lat' dir='ltr'><strong>t</strong></span> <span class='ocrx_word' id='word_1_486' title='bbox 1182 2761 1192 2771; x_wconf 87' lang='lat'><strong>.</strong></span> <span class='ocrx_word' id='word_1_487' title='bbox 1205 2737 1473 2772; x_wconf 64' lang='lat' dir='ltr'><strong>sJe=matomm</strong></span> <span class='ocrx_word' id='word_1_488' title='bbox 1493 2740 1600 2770; x_wconf 84' lang='lat' dir='ltr'><strong>turbo.</strong></span> 
     </span>
     <span class='ocr_line' id='line_1_70' title="bbox 904 2781 1597 2826; baseline 0.004 -13"><span class='ocrx_word' id='word_1_489' title='bbox 904 2781 1026 2826; x_wconf 81' lang='lat' dir='ltr'><strong>probat</strong></span> <span class='ocrx_word' id='word_1_490' title='bbox 1046 2782 1142 2815; x_wconf 86' lang='lat' dir='ltr'><strong>Grut.</strong></span> <span class='ocrx_word' id='word_1_491' title='bbox 1166 2782 1250 2815; x_wconf 78' lang='lat' dir='ltr'><strong>nell.</strong></span> <span class='ocrx_word' id='word_1_492' title='bbox 1273 2782 1373 2815; x_wconf 85' lang='lat' dir='ltr'><strong>etiam</strong></span> <span class='ocrx_word' id='word_1_493' title='bbox 1386 2781 1445 2816; x_wconf 78' lang='lat'><strong>1³3.</strong></span> <span class='ocrx_word' id='word_1_494' title='bbox 1459 2782 1533 2816; x_wconf 88' lang='lat' dir='ltr'><strong>Col.</strong></span> <span class='ocrx_word' id='word_1_495' title='bbox 1549 2795 1597 2816; x_wconf 76' lang='grc' dir='ltr'><strong>ω.</strong></span> 
     </span>
     <span class='ocr_line' id='line_1_71' title="bbox 903 2826 1407 2872; baseline 0.002 -13"><span class='ocrx_word' id='word_1_496' title='bbox 903 2827 1025 2871; x_wconf 81' lang='lat' dir='ltr'><strong>probat</strong></span> <span class='ocrx_word' id='word_1_497' title='bbox 1049 2829 1073 2861; x_wconf 90' lang='grc' dir='ltr'><strong>Ι.</strong></span> <span class='ocrx_word' id='word_1_498' title='bbox 1096 2828 1144 2861; x_wconf 90' lang='lat' dir='ltr'><strong>M.</strong></span> <span class='ocrx_word' id='word_1_499' title='bbox 1164 2826 1322 2872; x_wconf 86' lang='lat' dir='ltr'><strong>Heusing.</strong></span> <span class='ocrx_word' id='word_1_500' title='bbox 1345 2827 1366 2860; x_wconf 90' lang='lat' dir='ltr'><strong>l.</strong></span> <span class='ocrx_word' id='word_1_501' title='bbox 1385 2827 1407 2860; x_wconf 91' lang='lat' dir='ltr'><strong>l.</strong></span> 
     </span>
    </p>
   </div>
  </div>
 </body>
</html>
