1812 3184
261 211 344 255 602
706 215 749 253 L.
780 198 977 255 ANNAm
1009 216 1237 258 SENECAE

259 324 356 365 istas
371 355 383 376 ‚
415 323 567 380 inquis,
599 324 763 381 ineptias
789 326 927 381 quibus
950 326 1143 369 literatior
1159 335 1220 370 est
1238 330 1465 385 quisquam,
1502 345 1581 373 non
1605 345 1688 374 me·-

259 391 356 443 lior,
388 398 466 433 tam
487 406 654 448 operose
674 394 950 448 persequeris?
980 392 1186 448 Quomodo
1207 396 1301 438 fiant
1316 397 1434 439 niues.
1446 398 1568 450 dicis,
1587 413 1687 442 ‚oum

259 458 380 500 multo
406 459 530 514 magis
554 460 600 501 ad
625 474 696 501 nos
720 460 795 502 dici
817 475 841 502 a
865 468 902 503 te
924 462 1120 517 pertineat
1147 477 1268 518 quare
1295 465 1482 507 emendae
1506 460 1584 508 non
1605 465 1687 509 sint

259 527 388 568 niues.
449 525 566 568 Iubes
589 541 650 568 me
682 534 722 568 tu
746 541 830 569 cum
855 528 1008 570 luxuria
1035 529 1219 584 litigare?
1257 531 1493 574 cotidianum
1520 532 1627 576 istud-
1647 540 1689 575 et

258 593 344 635 sine
370 594 513 635 effectu
541 594 710 649 iurgium
739 602 814 637 est.
873 594 1093 651 Litigemus
1113 604 1243 639 tamen
1265 605 1331 650 ct,
1372 599 1406 641 si
1429 599 1608 655 superior
1626 599 1690 642 {u—

259 668 344 702 tura
373 668 460 713 est,
498 669 716 717 pugnantes
740 676 785 703 ac
812 662 1050 704 reluctantes
1074 664 1219 707 uincat.
1280 665 1383 720 Quid
1404 667 1551 722 porro?
1589 666 1689 708 hanc

256 727 381 783 ipsam
411 728 691 784 inspectionem
722 736 887 771 naturae
915 730 1010 772 nihil
1031 730 1177 773 iudicas
1200 733 1247 774 ad
1267 733 1306 774 id
1329 734 1431 788 quod
1451 733 1512 775 uis
1527 733 1689 776 *confer-

222 810 240 837 ἰ
258 796 329 836 re?
369 793 471 837 Cum
496 796 717 850 quaerimus
747 797 939 851 quomodo
963 797 1034 838 nix
1053 799 1119 839 fiat
1141 806 1182 840 et
1203 799 1364 841 dicimus
1392 800 1496 842 illam
1526 800 1689 856 pruinae

256 862 401 904 habere
429 862 595 904 similem
624 870 829 914 naturam,
870 864 954 919 plus
980 864 1036 906 illi
1058 866 1218 920 spiritus
1247 881 1361 921 quam
1387 881 1510 922 aquae
1533 867 1684 918 inesse,

255 943 334 970 non
362 937 475 985 putas
505 930 736 985 exprobrari
764 930 866 982 illis,
899 945 985 972 cum
1015 945 1148 973 emere
1176 946 1314 987 aquam
1340 940 1451 989 turpe
1472 934 1546 985 sit,
1576 933 1687 977 strue

254 1009 392 1050 aquam
409 996 562 1050 quidem
582 998 742 1038 emunt?
769 996 859 1037 Nos
878 1010 974 1038 uero
993 1011 1226 1052 quaeramus
1243 999 1371 1054 potius
1387 1000 1583 1054 quomodo
1594 999 1689 1042 fiant

253 1062 367 1104 niues
389 1076 502 1117 quam
526 1063 719 1117 quomodo
740 1070 974 1116 seruentur,
1006 1065 1185 1118 quoniam
1209 1080 1286 1107 non
1309 1067 1482 1108 contenti
1507 1067 1595 1108 uina
1611 1066 1688 1109 ,dif-

255 1129 444 1181 fundere,
485 1129 682 1170 ueteraria
704 1143 776 1185 per
797 1143 959 1186 sapores
984 1138 1210 1187 aetatesque
1234 1133 1442 1188 disponere
1463 1134 1688 1176 inuenimus

253 1196 446 1251 quomodo
466 1196 698 1252 stiparemus
721 1197 876 1250 niuem,
915 1205 960 1239 ut
980 1212 1025 1239 ea
1051 1206 1241 1241 aestatem
1265 1201 1467 1243 euinceret
1487 1207 1527 1243 et
1549 1207 1687 1243 contra

220 1279 237 1304 3
255 1264 348 1305 anni
378 1265 574 1305 feruorem
606 1264 884 1306 defenderetur
914 1266 988 1307 loci
1020 1266 1182 1321 frigore.
1249 1266 1354 1322 Quid
1386 1268 1457 1309 hac
1486 1268 1684 1323 diligentia

256 1331 455 1373 consecuti
476 1333 636 1372 sumus?
666 1345 803 1387 nempe
827 1339 870 1373 ut
889 1333 1097 1387 gratuitam
1122 1347 1340 1375 mercemur
1357 1348 1509 1389 aquam.
1554 1333 1682 1376 Nobis

505 1409 585 1452 Cap.
609 1410 704 1441 XIII.

299 1456 411 1496 quibus
420 1456 569 1487 literatior
591 1458 652 1486 est
673 1456 850 1495 quisquam,
871 1465 947 1487 non

254 1502 363 1532 melior
380 1514 427 1527 =
449 1499 507 1530 Ee.
579 1498 606 1530 G
621 1497 678 1531 1³3.
696 1498 765 1530 Col.
779 1501 811 1534 ᾖς
823 1514 867 1527 =
878 1502 948 1540 qui-

254 1547 312 1577 bus
333 1546 482 1577 literatior
502 1547 545 1575 est
565 1545 718 1584 quisque
739 1554 802 1576 non
827 1546 946 1576 melior.

254 1588 316 1622 P4.
339 1587 402 1623 et.
426 1603 470 1616 =
491 1590 602 1629 quibus
630 1598 702 1620 nec
735 1590 883 1621 literatior
904 1592 948 1621 est

253 1636 419 1674 quisquam
449 1642 522 1665 nee
553 1634 670 1664 melior.
725 1633 752 1663 Β
772 1647 818 1661 =
837 1635 949 1673 quibus

252 1688 325 1711 nec
356 1679 508 1710 literatior
537 1679 703 1717 quisquam
724 1680 767 1709 est
791 1688 861 1710 nec
882 1687 947 1710 me-

253 1725 323 1755 lior.
373 1722 436 1757 (32.
504 1721 537 1756 St
550 1736 594 1748 =
605 1724 715 1762 quibus
737 1733 757 1754 n
767 1732 782 1754 e
793 1733 808 1755 c
828 1724 946 1755 littera-

253 1770 313 1800 tior
335 1769 390 1808 fit
411 1769 577 1807 quisquam
599 1776 668 1807 nec
691 1768 810 1799 melior.
857 1767 946 1799 G·—

253 1814 356 1853 ma9is
388 1817 467 1854 post
497 1821 568 1843 eum
598 1813 706 1842 multo.
762 1812 788 1843 B
810 1826 856 1840 =
875 1822 947 1844 cum

253 1859 349 1889 multo
379 1858 483 1897 magis
515 1857 559 1888 ad
592 1859 628 1888 te
652 1859 688 1888 et
710 1857 754 1888 ad
775 1867 832 1889 nos
851 1859 947 1897 perti-

253 1905 325 1934 neat
347 1903 457 1933 dicere.
491 1901 864 1942 G(soe)=emendum
884 1912 947 1934 non

253 1950 350 1979 sunt
372 1948 468 1978 nives.
513 1946 610 1978 Rom.
633 1945 717 1977 Scal.
734 1960 780 1973 =
803 1948 947 1978 biben—

253 1993 314 2022 dae
335 2001 398 2023 ποη
420 1992 481 2022 sint
503 1992 601 2022 nives.

298 2037 386 2067 Iubes
405 2044 454 2066 me
477 2038 519 2066 tu
542 2045 614 2068 cum
634 2036 814 2066 luxuria=
826 2035 884 2067 Ee.

253 2079 313 2112 BG
324 2076 382 2111 P4.
393 2093 439 2106 =
453 2080 542 2111 Iubes
562 2088 619 2110 me
630 2089 651 2110 n
662 2082 738 2110 tem
760 2089 830 2111 cum
852 2081 946 2110 luxu-

252 2126 316 2157 ria.
361 2121 475 2155 1‘3.=
495 2124 551 2154 An
573 2124 659 2153 iubes
679 2126 852 2154 mentem
875 2133 945 2154 cum

253 2169 393 2201 luxuria.
443 2166 514 2199 Col.
538 2180 584 2193 =
605 2170 676 2197 aut
699 2168 810 2198 nubes
835 2176 944 2198 men-

254 2216 330 2245 tem
353 2222 425 2244 cum
447 2213 584 2243 luxuria.
630 2212 861 2245 2⁴13=Halim
894 2212 945 2242 iu-

254 2260 304 2290 bes
325 2259 502 2289 mentem
531 2265 602 2288 cum
624 2257 763 2287 luxuria.
810 2253 871 2290 (ΕΙ,
884 2277 895 2289 .
909 2276 919 2288 .
933 2277 943 2289 .

254 2303 288 2336 (s
304 2315 350 2329 =
369 2303 510 2340 Halm,
531 2301 616 2332 iubes
639 2309 689 2331 me
711 2309 783 2332 cum
805 2300 944 2332 luxuria.

254 2345 652 2381 Fort.⁵))t....st=1ubes
672 2353 720 2376 me
741 2354 813 2376 cum
836 2346 856 2375 l.
879 2354 945 2375 om.

253 2395 297 2423 tu.
344 2391 425 2423 Post
447 2391 569 2431 litigare
591 2388 686 2432 posui
709 2387 946 2431 interrogatio·-

252 2435 301 2468 nis
324 2441 451 2468 notam.

297 2490 313 2512 e
323 2484 346 2520 t,
357 2481 392 2512 si
409 2481 603 2520 superior=
616 2479 672 2510 Ee.
706 2478 731 2509 B
744 2496 786 2503 -
797 2482 836 2517 et,
856 2480 884 2510 si
893 2488 947 2510 su-

250 2527 354 2566 perior
378 2548 386 2556 .
401 2550 408 2557 .
422 2549 430 2557 .
451 2526 634 2557 reluctantes
657 2525 771 2556 vincat.
819 2524 848 2554 G
860 2524 892 2557 §B
906 2545 944 2557 ...

253 2571 286 2604 st
305 2584 351 2597 =
372 2569 546 2602 etiamsi
576 2570 726 2608 superior.
774 2565 832 2600 P3.
854 2582 900 2594 =
919 2571 946 2599 et

250 2617 392 2655 superior
413 2625 479 2646 om.
503 2615 541 2645 si.
589 2613 658 2645 Col.
676 2627 722 2640 =
741 2614 870 2644 etiam
892 2622 944 2643 su-

251 2661 364 2698 perior.
409 2656 520 2691 P4.=
534 2668 619 2690 cum
643 2660 773 2690 etiam
795 2659 945 2697 superior.

252 2703 283 2734 G
304 2718 348 2730 =
370 2705 553 2735 reluctantes
578 2705 741 2735 vincant.
789 2702 818 2733 G
832 2703 946 2743 (mm)

251 2746 310 2779 P3·
324 2747 393 2778 Col·
407 2747 506 2782 Qssl.
517 2765 563 2772 —
574 2749 658 2787 Quid
675 2756 770 2788 porro
781 2748 797 2778 ?
830 2743 888 2778 1²4.
900 2761 944 2774 =

252 2792 362 2831 quod
381 2801 486 2831 porro.
532 2792 688 2824 BEFort.
705 2803 756 2824 ω.
799 2793 945 2825 e=nil

251 2837 383 2868 iudicas.

1036 1409 1069 1442 2.
1095 1411 1179 1443 BsG
1190 1408 1247 1444 1³4.
1266 1412 1351 1445 Scal.
1371 1427 1417 1441 =
1437 1413 1572 1446 dicimus
1593 1415 1682 1446 illam

988 1466 1010 1496 p
1022 1458 1031 1487 l
1042 1466 1063 1487 u
1072 1465 1093 1488 v
1102 1458 1113 1487 ι’
1123 1466 1142 1487 a
1153 1465 1178 1488 e.

1035 1501 1146 1532 habere
1167 1503 1298 1533 similem
1319 1505 1468 1535 naturam
1489 1517 1534 1531 ==
1556 1503 1614 1536 Ee.

992 1544 1051 1575 BG
1062 1546 1094 1579 ΣΒ
1106 1569 1115 1579 .
1129 1568 1137 1579 .
1152 1568 1162 1579 .
1174 1546 1208 1580 st
1230 1561 1276 1574 =
1296 1548 1427 1579 similem
1450 1548 1560 1580 habere
1589 1552 1683 1580 natu-

990 1599 1072 1621 ram.
1118 1590 1167 1621 sG
1192 1594 1226 1628 -1-
1251 1594 1288 1624 et
1303 1593 1378 1631 plus
1397 1593 1445 1624 illi
1465 1594 1603 1632 spiritns.
1651 1593 1688 1624 G.

992 1635 1088 1676 (sco)
1113 1648 1159 1662 =
1178 1645 1239 1668 non
1267 1639 1363 1676 putas
1384 1646 1435 1676 ap
1443 1639 1600 1677 probrssn'
1621 1639 1683 1669 illis

991 1688 1063 1710 cum
1093 1684 1236 1712 emunt.
1281 1682 1314 1716 2⁹8
1337 1694 1383 1709 =
1405 1683 1589 1722 exprobrari
1617 1684 1683 1715 uel

991 1733 1060 1756 cum
1083 1733 1131 1755 em
1141 1735 1162 1756 u
1169 1735 1191 1757 n
1201 1727 1223 1757 t.

1036 1771 1062 1800 si
1082 1778 1129 1801 ne
1152 1779 1270 1810 aquam
1287 1772 1411 1811 quidem
1430 1773 1590 1810 emunt=
1599 1772 1656 1803 Ee.

993 1812 1057 1848 (3223
1069 1816 1189 1846 =sin
1200 1824 1215 1846 e
1238 1824 1355 1855 aquam
1376 1817 1499 1855 quidem
1513 1820 1619 1848 emunt
1632 1817 1682 1857 (G

990 1869 1063 1889 s.m.
1088 1873 1134 1886 =
1156 1859 1302 1900 emant).
1350 1861 1372 1891 B
1386 1859 1447 1894 ΘΙ.
1461 1883 1471 1895 .
1485 1883 1494 1893 .
1509 1883 1518 1894 .
1532 1861 1566 1895 st
1586 1875 1632 1888 =
1653 1865 1681 1894 si

990 1913 1010 1935 n
1020 1913 1035 1934 e
1045 1914 1061 1935 c
1095 1913 1211 1944 aquam
1245 1914 1275 1943 ‹1-
1299 1906 1432 1936 emunt?
1477 1904 1535 1937 1³3.
1557 1920 1602 1934 =
1619 1908 1682 1939 Nos

990 1957 1062 1979 vero
1084 1950 1104 1980 d
1115 1950 1271 1980 ominis
1293 1948 1492 1988 quaeramus.
1540 1950 1571 1983 G
1585 1953 1680 1993 (sm)

990 2006 1036 2021 =
1047 1994 1199 2032 quomodo
1221 2002 1290 2025 serv
1300 2003 1320 2024 a
1329 1997 1412 2026 ntur.

1034 2039 1110 2069 vina
1130 2039 1320 2077 diffundere,
1343 2041 1530 2071 veteraria
1550 2049 1608 2081 per
1628 2050 1680 2073 sa-

986 2091 1078 2122 pores
1100 2085 1274 2122 aetatesque
1293 2084 1454 2122 disponere
1463 2098 1508 2111 =
1519 2085 1564 2116 Ee
1577 2086 1678 2128 Bong.

989 2138 1029 2157 ex
1043 2124 1114 2156 Cui.
1139 2125 1184 2156 cf.
1205 2127 1264 2169 Ep.
1283 2126 1355 2165 114,
1371 2126 1426 2158 25.
1467 2129 1522 2160 BG
1538 2126 1593 2162 P4.
1609 2130 1679 2162 Coi.

989 2170 1089 2204 ἔδω.
1099 2170 1229 2200 =vina
1243 2172 1419 2210 diffundere
1438 2176 1610 2205 veterana
1626 2184 1682 2214 per

987 2222 1113 2253 sapores
1135 2216 1308 2253 aetatesque
1333 2215 1381 2255 [Q
1395 2229 1440 2242 =
1460 2217 1679 2260 aestatesque]

988 2259 1159 2297 disponere.
1180 2255 1239 2289 1²3.
1251 2273 1296 2285 =
1307 2268 1327 2290 v
1337 2268 1352 2291 e
1362 2270 1383 2291 η
1393 2262 1404 2291 t
1414 2269 1435 2290 a
1444 2261 1482 2292 ri
1492 2269 1512 2291 a
1533 2270 1590 2300 per
1608 2271 1678 2302 sap.

991 2302 1080 2333 Pinc.
1091 2313 1122 2334 v.
1135 2301 1157 2333 l.
1176 2316 1222 2329 =
1242 2305 1318 2335 vina
1341 2305 1514 2344 diffundere
1534 2314 1606 2345 per
1626 2315 1679 2346 ve-

991 2350 1061 2378 tera
1070 2356 1122 2378 na
1134 2369 1144 2386 ,
1174 2356 1232 2386 per
1264 2357 1418 2388 saporesq
1428 2358 1447 2380 u
1458 2358 1474 2380 e
1507 2350 1680 2390 disponere.

993 2390 1054 2425 ΘΣ.
1116 2391 1149 2425 ,ἱῖ
1158 2405 1204 2418 =
1213 2393 1288 2423 vina
1304 2393 1479 2432 diffundere
1497 2397 1638 2426 veteravi
1647 2403 1680 2434 a,

990 2439 1024 2468 et
1055 2445 1112 2475 per
1145 2445 1271 2476 sapores
1294 2440 1468 2478 aetatesque
1489 2439 1571 2479 disp.
1615 2437 1678 2471 Di-

989 2479 1202 2512 stinctionem
1245 2487 1391 2513 nostram
1429 2481 1494 2513 iam
1533 2489 1681 2515 suaserat

992 2525 1087 2556 Grut.
1138 2526 1183 2557 Ee
1196 2540 1239 2553 =
1255 2528 1408 2566 quomodo
1429 2528 1530 2559 istis
1549 2539 1572 2568 p
1584 2537 1679 2560 are-

991 2580 1060 2601 mus
1079 2572 1190 2602 nivem.
1237 2571 1268 2602 G
1280 2569 1336 2602 1²3.
1349 2570 1419 2603 Col.
1429 2573 1463 2606 Q
1476 2586 1519 2598 =
1529 2574 1681 2612 quomodo

991 2616 1027 2646 is
1038 2616 1068 2646 ti
1088 2625 1111 2654 p
1121 2624 1141 2645 α
1150 2624 1253 2647 remus
1275 2617 1388 2647 nivem.
1425 2615 1483 2648 P4.
1496 2630 1542 2644 =
1553 2627 1680 2657 quomo-

989 2660 1030 2690 do
1052 2669 1068 2691 s
1078 2668 1127 2699 ap
1138 2669 1284 2692 oremus
1305 2661 1417 2692 nivem.
1453 2660 1483 2692 G
1494 2663 1622 2703 (cnm)
1634 2676 1678 2689 =

990 2707 1022 2734 ul
1045 2713 1060 2735 e
1070 2713 1130 2735 am
1154 2701 1310 2736 aestatem.
1356 2706 1480 2746 Ε(εω)
1494 2720 1540 2734 =
1551 2709 1677 2739 vince-

988 2751 1043 2780 ret.

1034 2792 1068 2825 3.
1091 2791 1189 2835 Apud
1211 2792 1241 2825 G
1261 2803 1472 2827 mercemur
1493 2795 1528 2827 in
1547 2794 1597 2827 lit.
1644 2795 1677 2826 G·

990 2839 1052 2878 (cr.
1061 2839 1118 2878 ω)
1131 2852 1176 2865 =
1188 2839 1280 2871 Nobis
1302 2840 1354 2871 dol
1364 2840 1420 2871 iet.
