1812 3184
254 202 340 246 666
719 206 760 245 L.
791 205 989 246 ANNAm
1019 190 1247 248 SENECAE

252 317 433 359 diuersae
452 323 558 359 sunt.
616 314 763 358 XXII.
794 314 911 368 Prius
938 330 1033 373 ergo
1062 318 1114 360 de·
1137 324 1245 360 motu
1273 318 1471 374 quatiente
1492 319 1683 363 dicamuz

253 382 300 426 si
329 384 481 440 quando
510 398 651 440 magna
680 397 802 426 onera
830 397 902 440 per
928 385 1036 426 uices
1065 385 1330 427 uehiculorum
1360 387 1523 442 plurium
1560 393 1685 430 tracta

250 459 342 494 sunt
362 459 403 493 et
422 459 532 495 rotae
553 452 700 493 maiore
721 452 808 493 nisu
829 452 1065 494 iii-salebras
1087 452 1329 505 inciderunt,
1360 460 1503 496 terram
1523 455 1685 497 cunm

250 519 414 561 senties.
474 519 777 574 Asclepiodotus
809 519 948 561 tradit:
1001 518 1105 562 Geim
1135 524 1272 575 petra
1302 535 1326 563 e
1361 521 1502 564 latere
1530 522 1687 564 maus

251 586 440 642 abmpta
460 587 682 629 cecidisset
691 618 707 638 ,
748 585 951 641 aedificia
970 588 1117 629 uicina
1137 592 1326 630 tremore
1343 589 1557 644 *conlapsa
1575 593 1684 631 aaut.

250 652 359 695 Idem
391 654 462 696 sub
496 654 611 695 terris
638 654 721 695 fieri
744 660 895 709 potest,
935 661 979 695 ut
999 668 1052 696 ex
1073 654 1133 696 his
1154 669 1253 710 quae
1283 655 1495 711 inpendent
1527 655 1686 712 rupibus

250 721 376 776 aliqua
395 721 568 763 resoluta
589 735 730 776 magno
750 721 921 776 pondere
945 736 991 763 ac
1011 735 1109 764 sono
1129 722 1170 763 ἰιι
1192 722 1458 765 subiacentem
1478 735 1686 765 cauci-nm

250 789 362 830 cadat
385 803 432 831 eo
457 788 725 831 uehementius
755 803 831 843 quo
853 796 920 830 aut
944 789 1029 845 pius
1051 789 1234 845 ponderis
1256 789 1364 839 uenit
1385 797 1454 832 aut.
1473 789 1613 832 altiusz
1646 793 1687 832 ot

217 868 233 894 ’.ε
251 856 308 897 sic
331 864 588 898 conmouetur
615 869 729 896 omne
759 862 902 898 tectum
934 863 1094 898 cananae
1126 856 1252 898 uallis.
1312 855 1402 898 Nec
1431 863 1565 900 tamen
1589 871 1686 913 pon*

251 924 345 965 dere
364 937 437 965 suo
456 923 628 965 abscindi
651 936 749 963 saxa
776 923 958 964 credibile
983 930 1067 975 est,
1110 924 1179 964 sed
1201 938 1288 964 cum
1312 923 1609 979 flumina-supra
1628 924 1686 965 fe·

249 997 408 1041 rantur,
451 990 634 1031 adsiduus
660 990 798 1030 humor
827 991 1101 1031 commissuras
1121 989 1257 1044 lapidis
1279 996 1466 1031 extenuat.
1485 996 1525 1032 et
1545 989 1686 1033 cotidie

250 1056 308 1097 his
341 1057 388 1097 ad
421 1070 520 1111 quae
549 1056 736 1110 religatus
759 1063 820 1097 est
841 1057 970 1096 aufert
991 1064 1031 1098 et
1051 1057 1183 1107 illam,
1223 1063 1264 1097 ut
1284 1056 1340 1098 ita
1369 1056 1516 1109 dicam,
1558 1063 1685 1112 mitem

249 1137 324 1178 qua
344 1123 567 1164 continetur
584 1123 750 1164 abradit.
794 1122 933 1163 deinde
953 1123 1069 1178 longa
1087 1137 1158 1178 per
1175 1136 1315 1165 aeuum
1338 1123 1539 1173 diminutio
1561 1137 1683 1180 usque

249 1204 298 1232 eo
321 1191 490 1231 infirmat
510 1190 576 1232 illa
598 1200 697 1244 quac
719 1190 861 1231 cotidie
882 1190 1061 1243 amrium,
1102 1196 1145 1231 ut
1172 1190 1352 1232 desinant
1379 1203 1470 1233 esse
1493 1189 1604 1233 oneri
1627 1191 1686 1249 ¹⁰7

214 1272 230 1298 3
248 1258 386 1299 rendo.
449 1257 564 1299 Tunc
588 1271 688 1298 saxa
714 1257 814 1298 uasti
838 1257 1021 1312 ponderis
1052 1257 1254 1309 decidunt,
1298 1264 1389 1299 tunc
1410 1257 1476 1300 ina
1497 1254 1684 1315 praecipi-

248 1332 325 1366 tata
347 1339 464 1381 rupes
488 1324 666 1380 quit-qnid
687 1324 733 1365 ab
753 1323 830 1364 imo
853 1325 1092 1380 repercussit
1111 1338 1188 1365 non
1209 1338 1371 1379 passura
1388 1325 1607 1367 consistere
1675 1380 1677 1383 v

367 1391 469 1434 Oeam
497 1393 638 1434 sonitu
665 1393 782 1433 vaenit
812 1396 853 1432 et
880 1404 1011 1433 ruere
1039 1392 1183 1433 omnia
1210 1391 1308 1432 uisa
1334 1396 1530 1446 repente,

247 1527 454 1560 scribendum
479 1525 621 1558 videtur.
671 1526 745 1557 ΒΕΘ
764 1540 809 1553 =
827 1535 943 1558 causae
988 1530 1043 1559 aut
1063 1528 1136 1566 plus
1155 1526 1301 1566 ponderis
1323 1526 1497 1567 babuit,
1523 1530 1580 1561 aut
1600 1529 1684 1561 venit

246 1583 380 1614 quorum
401 1574 542 1604 diversae
569 1574 650 1603 sunt.
697 1570 776 1602 Brit.
800 1585 846 1598 =
868 1581 944 1603 cau·
988 1574 1093 1603 altius.

246 1627 300 1650 sae
311 1628 329 1657 q
338 1628 359 1649 u
368 1627 384 1649 e
406 1627 422 1649 e
431 1627 448 1648 ο
458 1626 529 1648 rum
551 1617 692 1648 diversae
713 1619 794 1647 sunt.
838 1615 941 1647 Gron.

249 1662 289 1693 ci.
312 1662 412 1696 §Rufi
431 1675 477 1689 =
499 1670 613 1693 causae
636 1670 798 1700 quoque
821 1669 944 1692 eorum

248 1707 390 1738 diversae
404 1709 484 1738 sunt.
509 1706 539 1737 G
552 1720 595 1732 =
607 1715 622 1737 s
632 1707 642 1737 i
652 1715 667 1736 c
678 1708 719 1736 ut
740 1713 853 1737 causae
875 1714 890 1736 e
900 1714 917 1736 o
929 1723 942 1728 -

246 1761 318 1784 rum
341 1752 481 1783 diversae
505 1752 585 1782 sunt.
632 1751 664 1784 23
677 1772 716 1783 m
730 1749 799 1785 282.
812 1764 857 1777 =
868 1759 944 1782 cau-

250 1805 303 1828 sae
326 1805 367 1828 eo
375 1805 446 1828 rum
469 1797 610 1827 diversae
632 1797 715 1826 sunt.

488 1873 566 1916 Cap.
590 1872 705 1904 XXII.

295 1928 527 1962 Col.=onera
541 1938 598 1969 per
621 1930 721 1960 vicos
740 1929 944 1969 pluviari

247 1978 348 2007 tracta
371 1978 452 2007 sunt.
497 1973 611 2005 Nicot.
624 1988 669 2001 -=
689 1982 745 2013 per
767 1975 816 2005 vic
826 1983 844 2004 o
854 1982 869 2004 s
892 1981 944 2004 ve-

247 2022 420 2051 hiculorum
442 2022 544 2051 tracta
566 2021 648 2050 sunt.
687 2017 810 2060 probat
840 2016 943 2048 Gree-

250 2063 340 2095 chius
361 2063 403 2094 ad
417 2065 549 2094 Lucret.
565 2063 621 2100 VI,
646 2059 724 2093 547.
771 2063 804 2096 ’.Ἦ
816 2076 861 2089 =
871 2063 943 2101 plu-

247 2110 381 2140 rimum
403 2111 505 2139 tracta
527 2110 610 2138 sunt.
634 2107 659 2137 B
671 2120 715 2133 =
727 2109 754 2137 et
767 2109 852 2137 rotae
872 2115 942 2136 ma-

247 2154 296 2184 ior
306 2161 320 2184 e
332 2161 347 2183 s
369 2153 401 2183 in
424 2153 562 2183 salebras
585 2160 601 2181 c
612 2160 628 2181 ο
639 2161 658 2181 η
668 2152 817 2181 ciderunt.
862 2150 941 2190 B(m

253 2197 310 2238 ω)
323 2215 366 2220 -
380 2197 501 2228 concuti
522 2199 598 2226 ante
620 2196 737 2226 senties.

292 2243 443 2281 conlapsa
460 2244 555 2272 sunt
568 2253 611 2266 =
625 2238 729 2270 BEeG
743 2237 800 2269 Gr.
812 2238 845 2272 §B
857 2259 894 2271 ...
907 2238 939 2272 Q)

248 2287 305 2322 {Ru
317 2286 362 2320 R·
432 2284 608 2319 {mu-QZ
621 2286 755 2315 -sunt
803 2282 832 2313 G
845 2283 939 2323 (sm)

249 2328 306 2364 1³4.
330 2344 376 2358 =
399 2339 479 2371 quae
511 2329 768 2369 impenderunt
799 2329 941 2366 rupibus.

248 2375 306 2408 Ρ3.
319 2390 364 2403 =
374 2384 454 2415 quae
476 2375 580 2414 imped
591 2375 630 2404 iu
639 2376 681 2404 nt
702 2373 842 2412 rupibus.
867 2371 939 2403 Col.

248 2422 312 2455 Q&
321 2420 348 2457 1.
358 2434 403 2447 =
415 2429 494 2459 quae
516 2419 642 2459 impend
653 2426 668 2448 e
677 2426 694 2449 r
703 2426 717 2448 e
740 2417 880 2455 rupibus.
915 2417 940 2447 B

248 2465 275 2497 E
287 2465 380 2496 Fort.
397 2477 448 2496 ω.
494 2465 522 2496 Ε
535 2469 598 2503 (cr.
616 2464 672 2503 ω)
683 2462 830 2502 etcum)
843 2461 940 2502 G(cr.

252 2511 309 2549 ω)
322 2508 380 2542 Ρ3.
398 2508 467 2541 Col.
491 2508 589 2544 §BQL
604 2523 648 2534 =
661 2517 681 2538 a
691 2517 710 2547 <1
721 2517 742 2537 u
753 2516 774 2537 a
796 2508 942 2538 resoluta.

247 2555 295 2586 Ee
313 2559 347 2592 ÷
365 2558 399 2587 et
420 2557 452 2586 in
475 2555 692 2586 subiacentem.
739 2551 764 2582 B
776 2565 821 2579 --.-.
833 2560 867 2583 eo
887 2560 941 2584 ca-

248 2601 304 2631 dat
324 2601 540 2631 vehementius.

291 2654 352 2684 quo
374 2647 430 2676 aut
450 2646 522 2684 plus
541 2642 689 2682 ponderis
709 2642 791 2673 venit
814 2643 870 2672 aut
891 2641 939 2671 al-

247 2690 308 2720 tius
318 2703 361 2716 =
374 2689 460 2720 BEG
470 2687 529 2720 Ρ3.
539 2686 573 2719 4.
584 2685 683 2721 ffiffl.
694 2687 764 2720 (51⁴1)
779 2708 815 2720 ...
827 2685 872 2719 Ε.

251 2732 322 2765 Col.
334 2747 378 2760 =
392 2743 452 2773 quo
475 2743 495 2764 a
505 2742 566 2772 mp
576 2734 586 2763 l
596 2733 607 2762 i
617 2741 638 2762 u
649 2740 663 2762 s
690 2731 837 2770 ponderis
858 2732 940 2761 venit

247 2781 303 2809 aut
317 2779 420 2809 altius.
446 2777 540 2808 Grut.
557 2775 597 2807 ci.
610 2790 654 2803 =
665 2785 725 2815 quo
748 2784 769 2807 α
779 2785 811 2807 m
818 2784 840 2814 p
851 2776 861 2806 l
871 2776 883 2806 i
893 2784 916 2807 u
924 2784 940 2806 s

248 2824 351 2862 venit,
374 2825 429 2854 aut
450 2823 555 2854 altius.
602 2819 665 2855 (52.
679 2842 688 2854 0
703 2843 712 2855 .
727 2842 736 2854 .
750 2819 806 2855 24.
823 2834 868 2847 =
878 2829 939 2860 quo

1032 1614 1064 1647 2.
1098 1617 1159 1647 Nec
1181 1618 1319 1647 tamen
1338 1616 1474 1655 pondere
1494 1626 1551 1649 suo
1568 1630 1614 1646 ==
1634 1617 1680 1650 Ee

990 1659 1160 1695 Ρ3.-861.
1228 1659 1287 1691 1³4.
1303 1674 1349 1688 ==
1369 1662 1430 1692 Nec
1453 1664 1581 1694 totum
1600 1671 1680 1702 pon-

988 1706 1058 1737 dere
1079 1714 1146 1736 suo.
1193 1703 1252 1736 BG
1262 1704 1352 1736 Fort.
1370 1704 1442 1737 Col.
1465 1705 1527 1740 &2
1541 1729 1579 1741 ..0
1591 1707 1680 1742 Ra:

986 1752 1047 1782 Nec
1069 1752 1232 1781 tantum
1252 1750 1387 1789 pondere
1408 1759 1474 1782 suo.
1522 1751 1546 1782 B
1558 1761 1680 1785 εισι-

986 1795 1080 1826 dibile
1111 1797 1154 1826 est
1186 1795 1223 1825 si
1257 1803 1357 1833 supra
1389 1795 1539 1834 feramur.
1584 1796 1611 1829 B
1632 1810 1679 1824 =

987 1840 1206 1871 commissuras
1228 1839 1346 1877 lapidu
1355 1848 1387 1870 m
1399 1839 1460 1880 [=--
1470 1839 1519 1883 ὃ]
1536 1843 1680 1876 extenuat

987 1887 1015 1915 et
1037 1885 1146 1915 cotidie
1161 1893 1180 1923 q
1191 1884 1270 1914 uod
1291 1884 1340 1914 his
1357 1885 1539 1924 religatum
1560 1888 1604 1918 est
1618 1895 1677 1917 au-

986 1930 1055 1969 fert.
1103 1926 1161 1959 P4.
1184 1941 1230 1955 =
1252 1937 1270 1967 q
1280 1929 1358 1960 uod
1391 1929 1439 1960 his
1462 1931 1614 1970 religatus
1633 1932 1678 1962 est

987 1974 1098 2013 aufert.
1154 1970 1212 2004 P3.
1235 1986 1281 1999 =
1298 1973 1346 2004 his
1377 1975 1445 2013 atq
1454 1983 1500 2006 ue
1528 1975 1678 2015 religatus

987 2021 1031 2050 est
1052 2018 1164 2057 aufert.
1210 2017 1257 2049 Ee
1271 2030 1317 2044 =
1337 2020 1436 2049 cutem
1456 2027 1475 2058 q
1487 2027 1561 2051 uae
1582 2019 1679 2051 eonti-

986 2065 1085 2094 netur.
1132 2062 1157 2092 B
1169 2076 1214 2089 =
1226 2063 1323 2102 lonye
1342 2071 1399 2101 per
1423 2072 1547 2096 aevum.
1594 2064 1678 2095 B==

986 2116 1065 2146 quae
1087 2107 1196 2138 cotidie
1219 2108 1370 2138 atterit.
1417 2106 1502 2139 31²4.
1515 2106 1578 2143 OEl.
1595 2112 1630 2146 4-
1645 2118 1678 2140 o-

985 2151 1052 2182 neri
1084 2150 1209 2189 serendo
1231 2152 1394 2183 idonea.
1441 2152 1503 2183 EG
1521 2148 1581 2185 Ρ3.
1605 2152 1676 2186 Col.

986 2195 1020 2228 §B
1040 2205 1090 2225 ω.

1029 2236 1064 2270 3.
1087 2236 1146 2270 Ρ3.
1158 2252 1204 2265 =
1213 2239 1295 2269 vasti
1311 2239 1458 2278 ponderis
1480 2241 1554 2272 did
1565 2245 1676 2273 ucunt.

985 2282 1062 2314 Non
1085 2282 1196 2325 placet
1221 2283 1364 2315 Grutero
1389 2284 1448 2315 illa
1467 2286 1677 2325 praecipitata

984 2337 1086 2367 rupes.

1029 2373 1176 2412 quicquid
1198 2373 1239 2403 ab
1269 2373 1351 2404 imo
1382 2375 1566 2412 repercussit
1585 2388 1629 2401 =
1648 2373 1675 2409 E

985 2417 1094 2458 (sm.)
1105 2419 1157 2457 e(s
1171 2418 1233 2457 m.)
1250 2415 1291 2449 ci.
1304 2416 1393 2448 Pinc.
1416 2417 1490 2452 (ξ...
1502 2418 1548 2453 3.
1616 2416 1676 2452 1³4.

985 2463 1187 2502 =quicquid
1209 2463 1250 2494 ab
1273 2463 1350 2494 illo
1371 2464 1558 2502 percussit.
1602 2463 1677 2495 BEe

985 2504 1044 2538 P3.
1060 2505 1131 2538 Col.
1143 2507 1176 2541 §B
1189 2527 1229 2541 ..ο
1242 2506 1304 2541 (ξὲ.
1317 2520 1364 2535 -—-·.
1373 2508 1520 2547 quicquid
1537 2509 1577 2539 ab
1597 2509 1648 2540 i-lt
1658 2518 1676 2541 ο

984 2553 1178 2590 repercussit.
1665 2556 1668 2560 ⁴

1032 2596 1058 2627 G
1067 2605 1088 2627 u
1097 2606 1129 2628 m
1142 2596 1245 2628 sonitu
1257 2596 1339 2628 venit
1359 2598 1386 2627 et
1401 2605 1489 2628 ruere
1510 2599 1615 2630 omnia
1627 2599 1675 2629 vi-

984 2649 1022 2671 sa
1042 2644 1162 2680 repente
1176 2654 1221 2668 =
1236 2640 1283 2672 Ee
1305 2641 1407 2683 Bong.
1433 2640 1471 2672 ei.
1493 2640 1674 2674 Fromond.

985 2683 1076 2726 Virg.
1089 2687 1129 2716 A.
1142 2685 1230 2724 VIII,
1245 2682 1322 2716 525.
1347 2685 1406 2716 BG
1420 2684 1487 2717 duo
1504 2685 1562 2717 Gr.
1576 2685 1674 2718 codd.

985 2731 1063 2772 ops.
1087 2728 1614 2765 ffinsossfflaessfflrooonff—Cum
1634 2731 1679 2774 (Β

984 2788 1028 2801 =
1041 2785 1062 2806 n
1072 2776 1138 2806 isa.
1187 2774 1217 2806 G
1227 2785 1305 2817 p.m.
1318 2788 1364 2802 =
1383 2784 1437 2815 rep
1447 2774 1538 2817 ere).
1583 2775 1672 2808 Pinc.

984 2819 1023 2852 ci.
1049 2819 1075 2854 (ξ
1087 2842 1125 2855 ...
1138 2816 1195 2854 ῑέ4.
1207 2833 1252 2847 =
1264 2821 1449 2852 succutit
1480 2823 1509 2852 et
1530 2828 1617 2853 ruere
1639 2829 1673 2850 o-
