1812 3184
290 189 371 233 738
739 185 782 224 L.
813 184 1008 224 ΑΝΝΑΕΙ
1041 182 1270 223 SENECAE

437 296 533 348 Quo
561 308 647 338 uon
677 296 790 337 alius
1175 294 1321 336 Potuit
1350 295 1474 336 cilius

293 384 332 406 ιο
431 364 618 408 Discere
646 376 802 405 causas
1181 360 1278 403 Una
1307 365 1469 403 taniam

435 430 572 474 Parte
601 430 769 481 audita,
1171 427 1318 483 Saepe
1345 433 1386 470 et
1414 431 1583 470 actara.

438 496 547 549 Quis
573 510 685 539 nunc
713 496 844 539 iudex
1179 494 1287 537 Toto
1318 496 1416 537 lites

433 564 593 607 Audiet
622 564 769 606 amia?
1179 562 1274 604 Tibi
1302 564 1387 604 iam
1415 562 1536 604 cedet
1619 599 1621 602 .

432 630 549 674 Sede
577 631 735 673 relicta
1180 629 1266 681 Qui
1295 629 1372 671 dat
1394 629 1564 684 populo
1618 679 1622 685 „

297 718 334 739 ⁵0
434 698 541 740 Iura
569 699 715 739 silenti
1179 695 1367 738 Cretaea
1395 701 1540 738 tenens

439 764 620 823 Oppida
648 769 834 821 centum.-
1180 763 1358 805 Gaedite
1383 761 1557 806 moestis

436 831 627 873 Pectora
649 832 828 886 palmis,
1178 829 1219 872 Ο
1247 830 1473 881 causidici,

441 897 606 953 Uenale
628 911 775 953 yemis.
1121 931 1125 935 .
1181 896 1352 950 Uosque
1374 901 1552 949 poetae,

431 965 597 1019 Licqete
623 966 727 1005 noui
1183 961 1352 1015 Uosque
1379 962 1425 1001 in
1447 962 1606 1015 primis

439 1029 525 1081 Qui
553 1043 758 1072 concusso
1175 1027 1346 1082 Mamm
1368 1029 1571 1082 parastis

297 1115 331 1136 οι
816 1104 819 1107 *
862 1095 1013 1137 Lucra
1038 1094 1224 1150 llo-italo.
1543 1136 1592 1149 „a

276 1177 430 1226 ‘'XIIL-
451 1184 732 1227 Delectabatur
770 1185 947 1226 laudibus
971 1183 1053 1225 suis
1086 1181 1274 1226 Claudius
1305 1190 1343 1225 et
1373 1151 1552 1239 cunieiiat
1583 1183 1725 1225 diutius

291 1259 485 1307 spectare.
547 1250 663 1293 Inicit
683 1251 738 1293 illi
761 1266 917 1297 manum
939 1251 1174 1306 Talthybius
1197 1251 1356 1292 deorum
1377 1250 1535 1292 nuntius
1552 1257 1591 1292 et
1609 1251 1728 1292 trahit

291 1319 416 1373 capite
441 1319 650 1371 obuoluto,
691 1333 741 1360 ne
775 1319 861 1373 quis
897 1331 984 1359 eum
1013 1317 1137 1373 possit
1167 1331 1408 1371 agnoscere,
1449 1331 1521 1373 per
1549 1331 1724 1372 campum

290 1383 478 1427 Martium
495 1392 535 1426 et
552 1386 656 1427 inter
674 1385 850 1427 Tiberim
873 1392 911 1425 et
938 1383 1049 1425 Uiam
1071 1383 1235 1424 Tectam
1261 1383 1462 1431 descendit
1487 1383 1534 1423 ad
1555 1383 1720 1444 inferos.

290 1451 575 1493 Antecesserat
598 1452 674 1492 iam
708 1451 980 1506 conpendiaria
999 1449 1214 1491 Narcissus
1248 1449 1410 1489 libertus
1442 1448 1489 1488 ad
1518 1454 1723 1503 patronum

292 1517 562 1573 excipiendum
596 1525 636 1558 et
658 1517 831 1558 uenienti
856 1517 997 1557 nitidus
1013 1547 1023 1567 ,
1062 1522 1104 1556 ut
1132 1522 1217 1556 erat
1241 1528 1263 1555 a
1286 1514 1448 1565 balneo,
1489 1515 1660 1556 occurrit
1685 1522 1725 1556 et

258 1599 275 1628 2
293 1584 371 1625 ait:
405 1583 507 1638 Quid
531 1584 568 1624 di
590 1585 636 1624 ad
657 1584 861 1624 homines?
892 1581 1088 1634 Celerius,
1116 1581 1241 1636 inquit
1257 1579 1496 1632 Mercurius,
1527 1588 1568 1622 et
1587 1582 1724 1623 uenire

293 1664 365 1691 nos
396 1650 547 1691 nuntia.
607 1648 678 1690 Ille
712 1656 841 1690 autem
877 1656 1040 1704 patrono
1065 1649 1172 1704 plura
1193 1647 1356 1689 blandiri
1382 1648 1551 1689 uolebat.
1610 1662 1723 1703 quem

291 1715 515 1757 Mercurius
534 1717 675 1757 iterum
700 1717 886 1758 festinare
908 1716 1020 1756 iussit
1040 1723 1079 1756 et
1100 1716 1210 1769 uirga
1232 1721 1446 1755 morantem
1469 1714 1619 1770 inpulit.
1653 1714 1724 1763 Di-

292 1790 354 1824 cto
382 1783 496 1824 citius
518 1782 733 1824 Narcissus
762 1784 905 1824 euolat.
967 1780 1110 1823 Omnia
1141 1781 1327 1836 procliuia
1359 1788 1476 1833 sunt,
1514 1782 1629 1823 facile
1657 1783 1723 1823 de-

290 1849 504 1891 scenditur.
564 1848 730 1904 Itaque,
765 1850 941 1904 quamuis
964 1848 1197 1904 podagricus
1227 1854 1357 1900 esset,
1398 1855 1594 1889 momento
1626 1855 1723 1889 tem-

289 1916 395 1971 poris
419 1917 598 1971 peruenit
631 1918 678 1957 ad
699 1917 852 1958 ianuam
878 1915 1007 1957 Ditis:
1040 1915 1105 1956 ubi
1127 1915 1277 1956 iacebat
1299 1912 1499 1955 Cerberus
1522 1915 1585 1965 uel
1606 1922 1649 1956 ut
1669 1915 1723 1956 ait

288 1982 500 2033 Horatius,
544 1983 670 2024 belua
702 1985 919 2038 centiceps
956 1986 1064 2036 [sese
1092 1995 1255 2023 mouens
1285 1982 1475 2036 uillosque
1507 1981 1722 2023 horrendos

287 2083 321 2103 v.
334 2069 390 2104 37.
417 2073 500 2104 V=
513 2073 593 2111 Qui
614 2082 675 2104 non
697 2074 790 2104 alius.
827 2084 858 2105 V.
871 2069 924 2104 39.
939 2087 984 2100 =
1031 2071 1127 2106 Gffl.
1139 2093 1179 2106 ,η
1190 2070 1257 2105 ἑὸἳ.
1275 2075 1309 2108 -Ι-
1327 2071 1561 2111 compendiaria
1579 2072 1656 2102 via.
1691 2072 1722 2102 V

289 2117 355 2147 Dic
365 2125 414 2147 ere
436 2125 559 2147 causas.
605 2127 636 2147 v.
653 2114 708 2147 42.
734 2118 764 2148 V
785 2135 831 2140 --
851 2120 879 2148 et
906 2123 984 2148 ante
1032 2116 1062 2147 G
1073 2131 1118 2143 =
1129 2117 1247 2148 Narcis
1257 2125 1304 2147 us.
1351 2116 1414 2150 (ξι.
1427 2137 1437 2149 .
1451 2137 1461 2150 .
1475 2137 1486 2150 ι
1498 2116 1531 2150 (Β
1545 2118 1581 2153 .-{-
1597 2117 1721 2151 libertus

288 2162 410 2190 neutra.
455 2170 486 2189 v.
509 2156 562 2190 46.
587 2159 618 2190 V
638 2172 683 2185 =
708 2162 790 2190 Tibi
801 2170 862 2191 am
892 2162 985 2192 cedet.
1029 2162 1050 2191 d
1059 2170 1077 2191 ο
1086 2162 1140 2191 mi
1149 2171 1169 2191 n
1179 2170 1201 2191 u
1209 2169 1224 2191 s
1247 2161 1269 2192 d
1279 2170 1297 2191 α
1306 2161 1409 2192 mini
1431 2165 1548 2192 contra
1558 2166 1659 2192 matos
1673 2165 1721 2191 et-

292 2201 374 2234 Cod.
389 2201 536 2234 Curionis
549 2215 595 2229 =
608 2203 674 2233 Tibi
690 2203 756 2233 iam
771 2203 880 2232 cedit.
906 2213 984 2244 pro·
1028 2203 1093 2232 iam
1117 2203 1223 2233 Rhen.
1629 2229 1632 2232 .

294 2246 353 2278 bat
366 2245 460 2279 Grut.
507 2257 539 2277 v.
554 2244 608 2277 55.
631 2246 712 2277 V==
726 2247 914 2278 Venenale
931 2255 984 2286 92-
1075 2254 1095 2276 a
1119 2247 1251 2276 balneo
1270 2259 1317 2273 ==
1339 2247 1414 2277 VG.
1484 2248 1506 2278 S
1519 2246 1564 2289 (ἶν’)
1586 2246 1648 2282 cl.
1661 2269 1673 2282 0
1684 2269 1694 2281 .
1707 2269 1718 2282 0

287 2300 358 2324 nus.
405 2302 437 2323 v.
449 2288 503 2323 57.
530 2290 559 2322 G
571 2303 617 2318 ==
626 2290 695 2330 Lug]
704 2292 716 2321 i
725 2293 752 2328 te
773 2292 856 2321 novi.
1030 2288 1100 2324 ἕὸἳ.
1110 2304 1154 2316 ==
1166 2298 1188 2320 a
1210 2291 1322 2321 halin
1331 2298 1376 2321 eo.

1072 2332 1105 2365 2.
1131 2333 1162 2365 G
1171 2350 1217 2356 -
1231 2334 1366 2365 Celerius
1390 2358 1398 2366 .
1411 2356 1420 2365 .
1431 2355 1440 2364 .
1463 2335 1586 2373 inpulit.
1632 2335 1718 2369 αὓὶα

539 2367 619 2410 Cap·
644 2367 737 2400 ΧΙΠ·
1028 2378 1097 2413 m.
1115 2382 1149 2416 ψ
1168 2378 1302 2410 celerius
1324 2379 1347 2410 i.
1395 2377 1456 2412 el.
1537 2379 1569 2412 cs
1584 2382 1620 2416 -ι-
1637 2379 1719 2411 ceze-

334 2423 514 2456 V=inicit
535 2425 600 2455 illa
624 2432 765 2454 manum.
1024 2424 1092 2454 rius
1111 2433 1133 2463 p
1143 2433 1161 2455 r
1172 2430 1215 2453 ae
1227 2431 1242 2453 c
1252 2431 1267 2453 e
1277 2423 1381 2463 ditm
1413 2422 1467 2454 VS
1484 2434 1534 2454 ω.
1574 2423 1628 2456 VS
1643 2422 1718 2455 eod.

332 2468 461 2500 deorum
491 2469 669 2500 nuntius
696 2482 742 2495 =
762 2466 851 2499 VSG
883 2466 980 2499 codd.
1026 2466 1225 2499 Iunii—Ille
1251 2470 1354 2498 autem
1370 2491 1377 2500 .
1391 2490 1400 2498 .
1413 2489 1421 2498 .
1437 2468 1560 2507 inpulit.
1585 2466 1628 2499 de
1646 2466 1717 2510 qui-

287 2511 394 2544 Ruhk.
407 2513 468 2547 (El.
481 2535 519 2547 Μ
531 2512 599 2547 ἓὸῙ.
668 2512 800 2544 Amicus
816 2512 911 2544 Grut.
924 2513 981 2547 {Ru
1025 2511 1085 2543 bus
1108 2511 1194 2544 vide.
1712 2541 1714 2543 ,

287 2557 357 2591 ἓὸἳ.
375 2575 417 2581 -
430 2558 567 2588 nuntius.
589 2555 710 2599 probat
734 2557 837 2588 Gron.
885 2558 915 2588 G
935 2571 980 2584 =
1066 2556 1245 2596 proclivia
1256 2555 1395 2588 =VSG
1408 2554 1482 2587 cod.
1494 2554 1642 2588 Curionis
1652 2554 1715 2591 (31.

283 2610 340 2641 per
362 2603 512 2633 Martium
533 2610 691 2640 campum.
1025 2599 1058 2635 2.
1129 2602 1155 2635 (ξ
1167 2622 1204 2634 ...
1215 2599 1283 2634 ἑὸἳ.
1294 2602 1519 2640 =procliva.
1556 2599 1657 2633 Trist.
1670 2614 1715 2629 ==

330 2649 358 2677 et
384 2647 475 2677 Viam
499 2647 637 2677 Tectam
659 2645 804 2678 =VSG
825 2644 898 2677 cod.
921 2644 978 2676 Iu-
1020 2646 1207 2684 pei-clivia.
1266 2644 1297 2676 G
1321 2647 1356 2682 4-
1383 2648 1535 2677 momento
1576 2648 1716 2678 tamen

285 2688 330 2720 nii
349 2689 412 2722 ach
426 2691 495 2723 OEto
508 2712 545 2724 ῃ.
558 2688 628 2724 ἑὸἳ.
698 2689 761 2725 &10
775 2712 814 2725 0..
829 2690 886 2725 534.
897 2693 978 2722 =et
1022 2691 1176 2730 temporis.
1194 2723 1197 2726 ,
1223 2688 1254 2720 G
1274 2703 1320 2717 =
1338 2691 1459 2723 iacebat
1491 2690 1638 2722 Cerberus
1665 2692 1714 2721 vel

281 2735 369 2765 viam
389 2743 406 2765 r
415 2743 430 2765 e
439 2743 454 2765 c
465 2737 475 2765 t
486 2743 551 2765 am.
1022 2738 1055 2766 ut
1069 2736 1115 2766 ait
1129 2735 1154 2767 0
1163 2734 1264 2766 ratius
1277 2736 1435 2774 centiceps..
1464 2735 1618 2767 Pusillum
1637 2733 1713 2769 rell.

325 2779 549 2819 conpendiaria
567 2792 612 2806 ==
631 2779 684 2813 VS
709 2778 784 2812 cod.
810 2778 905 2811 Iunii.
975 2778 979 2781 ’
1019 2789 1086 2810 om.
1134 2779 1179 2814 ΞΜ
1192 2778 1427 2814 ...ἑὸ1.--ιιδί
1448 2779 1586 2819 iacebat,
1609 2782 1643 2811 ut
1665 2780 1711 2813 aii
