1812 3184
460 147 643 191 NATUR.
674 147 885 199 QUAEST.
916 149 1010 191 ΜΒ.
1033 150 1069 199 1,
1100 155 1140 190 2.
1439 150 1521 196 407

69 260 183 319 quasi
206 260 352 305 stallae
379 261 512 304 solent
538 262 628 305 uelo
652 261 887 305 insidentes.
946 261 1139 305 Adiuuari
1169 274 1215 304 se
1245 266 1338 304 t'unc
1361 263 1518 319 pericli·

71 336 202 373 tontes
231 329 464 373 existimant
485 328 664 373 Pollucis
697 338 739 373 et
771 328 951 374 Castoris
982 330 1158 373 numine.
1219 327 1353 372 Causa
1386 339 1518 374 autem
1536 345 1569 373 η

68 397 245 441 melioris
263 398 348 455 spei
374 404 458 451 est,
491 399 593 455 quod
620 398 697 441 iam
722 399 884 456 adparet
910 398 1036 455 frangi
1059 405 1329 455 tempestatem
1353 405 1394 440 et
1414 399 1518 441 desi-

68 479 167 510 nere
188 473 356 510 uentos:
396 466 570 523 alioquin
598 468 799 510 ferrentur
819 467 949 523 ignes,
982 481 1062 509 non
1083 467 1282 508 sederent.
1345 464 1516 523 Gylippo

68 533 294 592 Syracusas
315 535 461 592 petenti
478 535 564 578 uisa
583 542 646 577 est
667 535 780 577 stella
796 548 915 591 super
935 535 1062 591 ipsam,
1076 535 1252 576 lanceam
1271 534 1512 577 constitisse.

67 601 121 646 In.
134 602 407 646 Romanorum
430 603 572 645 castris
594 603 736 644 ardere
763 602 850 644 uisa
874 610 967 644 sunt
990 603 1088 658 pila,
1120 602 1276 658 ignibus
1300 602 1452 644 scilicet
1475 602 1516 643 in

65 670 133 714 illa
155 670 350 727 delapsis:
391 670 459 726 qui
487 683 606 726 saepe
635 683 746 711 more
777 670 980 712 fulminum
1017 670 1202 712 animalia
1232 670 1354 712 ferire
1382 670 1514 712 solent

63 737 303 783 warh-su.
363 734 446 780 Sed
469 736 504 779 si
526 736 679 779 minore
698 737 738 779 ui
760 737 989 789 mittuntur,
1022 738 1194 780 defluunt
1219 744 1367 780 tantum
1391 745 1433 780 et
1452 737 1513 779 inss
1534 754 1565 782 13

64 805 218 858 uident,
249 819 329 847 non
352 804 602 847 feriunt..ncc
625 805 848 847 uoluerant.
907 805 992 847 Alii
1022 805 1128 847 inter
1150 805 1276 847 nubes
1300 805 1512 857 eliduntur,-

63 873 320 926 aliisereno,
361 872 397 914 si
416 886 488 915 aer
512 872 560 914 ad
582 873 863 929 exprimendos
884 873 999 928 ignes
1030 879 1144 929 aptus
1169 873 1257 914 fuit.
1317 872 1425 915 Nam
1449 874 1514 923 se÷
1554 880 1558 885 ”

63 955 162 984 reno
186 954 343 997 quoque
366 940 478 982 coelo
503 940 711 996 aliquando
739 948 848 982 tonat
873 932 928 983 ex
954 941 1091 983 eadem
1117 954 1236 982 causa
1261 955 1339 996 qua·
1361 940 1510 993 nubilo,
1554 937 1556 939 ’

62 1022 158 1050 aere
170 1008 276 1051 inter
297 1022 344 1051 se
359 1008 527 1050 conliso.
589 1006 670 1062 Qui
688 1008 806 1050 etiam
822 1009 856 1050 si
876 1016 939 1051 est
957 1009 1124 1050 lucidior
1141 1022 1187 1050 ac
1210 1008 1371 1062 siccior,
1403 1009 1512 1050 coire

64 1083 194 1118 tamen
222 1082 264 1118 et
288 1077 422 1118 facere
451 1089 619 1132 corpora
648 1077 839 1132 quaedam
872 1076 1015 1118 similia
1050 1076 1217 1118 nubibus
1251 1083 1380 1132 potest
1411 1089 1513 1131 quae

61 1157 250 1200 percussa
273 1144 441 1186 reddant
463 1158 620 1186 sonum.
682 1143 927 1200 Quandoque
954 1158 1050 1200 ergo
1075 1145 1172 1186 fiunt
1195 1145 1355 1196 trabes,
1388 1157 1511 1199 quan·
1531 1158 1562 1188 14

62 1212 191 1267 doque
214 1211 330 1267 clipei
356 1219 397 1253 ct
420 1218 621 1253 uastorum
652 1212 842 1267 imagines
872 1212 1044 1267 ignium,
1088 1212 1191 1254 ubi
1180 1227 1221 1254 m
1245 1212 1362 1254 talem
1380 1218 1510 1253 mate-

62 1278 164 1322 riam
194 1278 334 1321 similis
366 1279 504 1321 incidit
538 1293 683 1331 causa,
723 1280 794 1321 sed
830 1280 972 1322 maior.
1057 1278 1115 1322 ΙΙ.
1158 1279 1371 1323 Uideamus
1404 1293 1510 1322 nunc

61 1371 110 1422 ὲ
121 1395 304 1434 apparent
325 1394 418 1433 quasi
439 1394 556 1425 stellae.
604 1394 761 1434 B(cr.<x>)
809 1392 840 1425 G
854 1394 983 1435 (cnm)
1007 1408 1053 1422 =
1073 1403 1136 1426 non
1157 1395 1334 1435 feriuntur.
1382 1394 1431 1425 Ee
1450 1390 1510 1425 P3.

61 1452 107 1469 ε
123 1439 366 1479 periclitantes.
413 1437 577 1470 BGEe=
592 1440 762 1471 estimant
811 1442 847 1477 -Ι-
872 1440 935 1471 Alii
957 1443 1098 1471 autem
1119 1440 1199 1472 inter
1219 1440 1327 1471 nubes.
1373 1437 1416 1470 de
1441 1448 1511 1481 quo

60 1485 198 1518 Pollucis
219 1486 248 1515 et
271 1484 421 1516 Castoris.

111 1537 165 1572 12.
202 1540 395 1580 alioquin
436 1541 631 1582 [errentur
662 1542 761 1582 iones,

63 1595 126 1619 non
148 1585 444 1617 sederent===Ee
465 1584 541 1617 cod.
568 1585 706 1618 Casaub.

64 1632 91 1664 B
114 1644 162 1658 =
183 1630 433 1670 Aliquando
462 1631 632 1671 feruntur
663 1632 761 1672 iynes,
790 1625 794 1633 “

64 1675 311 1717 aliquando
339 1676 480 1708 sedent.
527 1673 611 1707 Brit.
630 1690 675 1704 =
697 1677 763 1708 Ali-

63 1721 236 1763 quando
257 1721 426 1761 ferunlur
446 1721 553 1761 ignes,
585 1722 652 1753 vel
675 1722 764 1752 ali-

63 1766 234 1808 quando
256 1766 397 1798 sedent.
436 1765 560 1808 probat
579 1765 684 1805 Gron
732 1765 763 1797 G

63 1813 144 1848 Β.
156 1810 215 1847 ‚R
237 1824 284 1838 ==
304 1811 554 1851 Aliquando
595 1811 764 1852 seruntur

62 1859 162 1898 iones,
181 1865 246 1889 non
260 1857 404 1889 sedent.
451 1856 553 1891 §Bal
563 1854 764 1896 :amip-

60 1911 114 1944 ρο.
160 1901 242 1933 B==
197 1910 348 1942 -super
369 1902 489 1933 illam
517 1902 671 1934 lanceam.

108 1958 223 1991 ardere
243 1959 314 1990 visa
337 1958 530 1991 sun1==Ee.
599 1957 717 1993 BGQ.
731 1980 763 1993 .-

63 2003 237 2039 ,ππ-νῆα
258 2005 330 2035 sunt
362 2004 484 2035 ardere.
532 2003 563 2034 G
583 2017 629 2031 =
654 2005 767 2036 silicet

63 2051 98 2082 in
119 2051 217 2089 ipsa
238 2048 388 2088 delapsis.
409 2046 605 2082 eDal.=in
626 2050 685 2081 illa
706 2050 765 2081 di-

62 2095 173 2135 lapsis.

109 2151 166 2191 qui
184 2151 278 2191 saepe
300 2158 385 2183 more
405 2149 576 2190 fulminum
587 2165 633 2179 =
644 2150 703 2183 Ee.

63 2192 126 2229 1²3.
145 2194 213 2231 m.
226 2217 238 2229 0
252 2193 308 2230 ..π
327 2195 412 2238 (exc.
424 2193 509 2238 m.)
529 2210 576 2224 =
595 2197 649 2236 qui
671 2205 764 2236 saepe

63 2240 232 2281 smmum
252 2248 347 2272 more.
394 2240 545 2281 B=qui
566 2251 659 2282 saepe
681 2251 763 2273 mo-

65 2286 89 2318 d
99 2295 118 2318 o
136 2286 316 2327 {andnum-
340 2283 430 2317 (ΞΡ-1.
445 2284 517 2318 Col.
530 2287 562 2322 §B
575 2309 587 2322 0
598 2309 609 2322 0
624 2309 634 2322 .
647 2287 681 2321 (5
691 2285 762 2324 m.

65 2331 178 2372 ἔφή
200 2325 274 2374 [Ρ4.
286 2331 454 2373 =quia]
479 2341 571 2372 saepe
594 2333 763 2373 fulminum

63 2377 190 2410 modo
239 2375 313 2407 BEe
328 2392 368 2400 —-
391 2377 549 2409 animalia
572 2383 650 2409 ante
673 2378 764 2418 scrire

65 2422 162 2454 solent
183 2424 212 2453 el
234 2421 376 2452 arbusta.
421 2431 529 2465 neque
546 2421 618 2466 ipse
643 2421 763 2466 genui-

65 2477 143 2500 nam
163 2464 350 2510 putaverim
373 2463 466 2498 illam
488 2477 618 2499 vocem.

113 2520 167 2556 13.
193 2521 282 2557 (ξ2Η
293 2521 385 2556 „wi
402 2537 448 2550 ===
470 2524 519 2556 Ει
542 2526 570 2555 si
593 2525 711 2556 minore
732 2525 764 2556 vi

67 2573 186 2601 contra
202 2572 307 2598 mstos
329 2565 431 2600 etjam
456 2568 515 2601 Gr.
538 2569 675 2600 Memm.
697 2567 764 2600 Ni-

68 2618 136 2646 cot.
182 2611 421 2645 Ee=minore
441 2614 475 2645 vi
497 2616 654 2647 utuntur.
702 2613 763 2647 1²3.

67 2658 246 2691 aminon
266 2657 301 2689 vi
323 2657 534 2698 feruntur.
579 2659 613 2694 ἓξ
637 2672 682 2686 ==
703 2661 765 2691 mi-

67 2711 142 2736 nore
162 2703 197 2735 vi
215 2703 404 2737 nudantur.
427 2704 476 2736 Ee
490 2721 527 2729 —
543 2707 664 2736 tantum
686 2709 765 2747 post

67 2749 219 2790 defluunt.
241 2745 342 2779 facilc
362 2748 483 2792 probo.
519 2748 582 2784 (ξῖ.
597 2771 607 2783 .
622 2771 632 2782 .
649 2771 660 2783 .
674 2750 764 2784 (8-
719 2771 765 2778 -

69 2796 98 2827 et
124 2793 296 2826 insidunt.
343 2803 362 2824 e
379 2807 425 2823 εε-
446 2803 556 2835 neque
589 2795 764 2828 vulnerant.

806 1483 895 1517 vide.
942 1484 1001 1516 BG
1013 1487 1142 1526 (er-m)
1158 1483 1229 1516 Col.
1241 1499 1286 1512 =
1302 1486 1364 1516 Alii
1388 1485 1429 1516 in
1449 1493 1509 1516 nu-

807 1531 859 1562 bes
888 1531 1057 1564 eliduntur.
1106 1529 1163 1563 P4.
1184 1544 1232 1558 ==
1252 1531 1315 1562 Alii
1337 1532 1380 1562 in
1413 1530 1508 1562 nubes

806 1576 998 1607 aliduntur.

852 1632 897 1663 ad
918 1633 1101 1672 exprimend
1110 1643 1127 1665 ο
1137 1642 1164 1664 ει·Α
1174 1634 1229 1673 iyu
1239 1641 1254 1665 e
1265 1641 1280 1664 s
1297 1647 1343 1660 =
1363 1631 1438 1663 BEe
1448 1629 1507 1663 P3.

808 1675 943 1707 Memm.
966 1676 1079 1709 Nicot-
1152 1676 1250 1709 GP4.
1265 1676 1336 1709 Col.
1352 1678 1386 1711 Q
1400 1699 1409 1711 .
1424 1699 1434 1711 .
1450 1698 1460 1710 .
1474 1676 1508 1710 (S

809 1734 855 1748 =
867 1722 911 1752 ad
932 1723 1117 1762 exprimend
1127 1731 1188 1754 um
1209 1723 1306 1763 iynes.
1346 1721 1392 1756 ⁵332
1406 1744 1415 1755 .
1429 1743 1439 1755 .
1453 1743 1464 1756 .
1477 1720 1509 1755 ST

808 1780 855 1794 =
876 1767 920 1798 ad
951 1768 1205 1807 exprimendum
1237 1769 1315 1808 iyne
1325 1777 1369 1798 m.
1414 1767 1440 1798 B
1463 1781 1509 1793 =

809 1815 902 1852 aptus
924 1813 960 1852 fu
970 1821 985 1843 e
995 1821 1012 1844 r
1021 1813 1033 1843 i
1043 1815 1064 1843 t.
1104 1813 1151 1844 Ee
1164 1826 1209 1839 =
1222 1813 1394 1853 aliquando
1414 1814 1507 1845 coelo.

809 1857 835 1888 B
856 1871 903 1884 =
926 1867 965 1889 ex
987 1858 1098 1889 eadem
1120 1867 1219 1890 causa
1252 1858 1360 1898 quod
1391 1859 1508 1889 nubilo.

810 1901 841 1933 G
861 1917 907 1930 =
929 1903 1046 1942 Quod
1074 1904 1197 1936 etiamsi
1229 1906 1271 1935 est
1291 1903 1434 1935 lucidior.
1480 1900 1508 1934 E

809 1962 856 1976 ==
876 1950 937 1980 ire
970 1951 1075 1981 tamen
1107 1952 1134 1980 et
1160 1949 1272 1989 facere.
1318 1948 1344 1979 B
1362 1962 1408 1975 =
1429 1948 1510 1980 coire

810 1996 965 2026 tantum
988 1996 1016 2025 et
1038 1995 1151 2035 [acere.
1197 1994 1223 2025 B
1238 2009 1285 2022 ==
1301 1994 1437 2026 reddant
1459 2002 1509 2025 so-

809 2041 937 2071 nilum.

858 2092 910 2127 14.
934 2095 961 2126 B
982 2094 1016 2127 in
1036 2106 1080 2127 m.
1103 2094 1238 2127 exhibet
1256 2106 1429 2127 numerum
1449 2094 1507 2135 ΙΙΙ,

808 2149 964 2183 tanquam
981 2138 1062 2172 hinc
1075 2139 1213 2184 incipiat
1235 2152 1307 2184 cap.
1330 2141 1388 2172 111.

853 2187 1047 2227 Quandoque
1070 2195 1168 2227 erqo
1192 2187 1272 2227 fiunt
1291 2187 1394 2220 trabes
1415 2200 1462 2213 =
1475 2185 1505 2217 G

807 2234 856 2266 Ee
872 2232 931 2264 Gr.
997 2232 1020 2263 B
1034 2251 1072 2256 —
1089 2241 1172 2273 eryo.
1197 2233 1231 2267 Q
1243 2254 1281 2266 ...
1294 2232 1327 2267 ,ff
1338 2247 1385 2259 =
1397 2233 1506 2272 Quan-

807 2280 907 2319 doque
941 2278 980 2318 i9
991 2278 1077 2310 itur
1110 2278 1189 2318 fiunt
1220 2279 1332 2310 trabes.
1385 2278 1440 2309 BE
1462 2292 1508 2305 =

807 2324 935 2364 quando
956 2333 1022 2354 om.
1038 2332 1108 2363 que.
1160 2323 1185 2354 E
1197 2337 1244 2351 =
1256 2324 1382 2363 clupei.
1420 2322 1450 2354 G
1463 2338 1507 2350 =

807 2370 847 2401 vi
870 2369 965 2400 talem
980 2371 1058 2401 mat.
1082 2367 1130 2400 Ee
1141 2369 1251 2400 :ubi
1273 2370 1307 2400 in
1327 2370 1423 2401 talem
1440 2378 1461 2400 n
1472 2377 1509 2399 a·

808 2417 849 2446 tu
857 2423 873 2446 r
887 2422 908 2444 a
918 2422 961 2445 m.

853 2471 966 2502 similis
991 2470 1102 2501 incidit
1133 2478 1233 2502 causa
1252 2483 1297 2497 =
1318 2469 1404 2501 BEe.
1477 2468 1508 2501 G

811 2516 845 2551 -ΞΒ
856 2538 866 2550 .
881 2537 891 2550 .
905 2538 915 2550 .
928 2515 961 2551 Ξῖ
973 2529 1018 2543 =
1027 2516 1137 2547 incidit
1157 2516 1271 2547 similis
1293 2523 1404 2547 caasa.

1089 2604 1168 2648 Cap.
1192 2605 1236 2636 11.

856 2660 888 2693 G
910 2660 1228 2704 praescribit-haec:
1254 2661 1293 2693 de
1315 2662 1437 2695 coronis
1451 2670 1509 2703 que

811 2707 889 2747 fiunt
903 2708 989 2739 circa
1006 2707 1122 2746 sydera
1138 2710 1166 2739 ei
1179 2708 1214 2739 in
1228 2716 1292 2747 qua
1310 2708 1390 2748 fiant
1404 2710 1509 2748 parte.

810 2754 838 2783 el
861 2752 900 2784 de
921 2753 1150 2793 sipnificatione
1172 2753 1324 2792 ipsarum.
1357 2753 1384 2785 Ε
1408 2762 1510 2796 prae-

812 2795 904 2840 figit:
952 2798 991 2830 de
1013 2798 1139 2830 circadis
1173 2798 1398 2838 amar-entibus
1427 2800 1511 2831 circa
