1812 3184
279 180 364 223 388
714 179 782 219 ΑΙ)
814 175 1039 219 HELUIAM
1069 177 1279 233 MATREM

283 305 354 348 pro
382 298 555 347 tempore
583 289 768 332 liausistie
809 285 909 331 iacta
943 295 1034 331 sunt
1061 283 1348 345 disciplinarum
1377 288 1547 331 omnium
1578 282 1713 330 funda-

236 370 264 398 ιι
285 366 429 405 menta.
474 356 607 399 'Nunc
637 357 685 398 ad
712 357 799 398 illas
824 363 1050 398 reuertere:
1088 362 1209 397 tutam
1238 363 1277 398 te
1307 355 1571 412 praestabunt.
1622 354 1713 396 illae

286 425 611 475 consolabuntur,
642 424 731 466 illae
763 423 1032 479 delectabunt,
1074 423 1164 465 illae
1201 422 1235 464 si
1256 423 1359 467 bona
1381 423 1456 464 fide
1476 422 1517 465 in
1537 421 1711 464 ‘animum

285 500 392 534 tuum
420 491 676 543 intrauerint,
718 504 925 546 numquam
954 489 1116 544 amplius
1144 489 1306 531 intrabit
1333 489 1467 542 dolor,
1504 496 1711 545 numquam

284 558 526 609 sollicitudo,
573 571 780 613 numquam
817 557 1046 599 adflictionis
1081 556 1223 598 inritae
1259 550 1502 612 superuacua
1534 554 1710 598 uexatio.

284 626 378 666 nulli
406 625 541 666 horum
568 623 715 680 patebit
741 631 875 680 peetus
899 631 1028 666 tuum:
1067 637 1156 665 nam
1184 623 1327 665 ceteris
1353 622 1459 664 uitiis
1488 621 1713 679 iampridem

285 693 434 733 clusum
452 698 528 733 est.
589 690 698 733 Haec
721 692 872 746 quidem
898 690 1117 732 certissima
1135 690 1328 746 praesidia
1347 696 1494 731 suntet
1513 702 1613 744 quae
1623 687 1714 736 ,sola

284 765 323 799 te
347 759 526 799 fortunae
548 758 701 813 eripere
724 758 895 813 possint=
929 758 998 799 sed
1017 757 1119 812 quia,
1138 758 1226 798 dum
1241 757 1282 798 in
1301 756 1406 804 illum
1428 758 1581 812 portum
1596 765 1714 811 quem

285 825 355 865 tibi
387 825 514 866 studia
544 825 772 880 promittunt
807 824 1058 881 perueneris,
1099 823 1342 865 adminiculis
1371 822 1508 878 quibus
1535 821 1714 864 innitaris

236 908 268 936 η
286 905 382 946 opus
401 898 482 942 est,
521 892 610 932 uolo
633 891 789 932 interim
813 891 954 933 solatia
981 891 1048 931 tibi
1074 898 1138 932 tua
1159 890 1382 931 ostendere.
1441 885 1715 945 Respice,fra-

286 965 367 1000 tres
389 971 498 998 meos
521 958 658 1012 quibus
685 958 806 999 saluis
836 959 895 998 fas
922 957 990 998 tibi
1014 971 1093 997 non
1116 963 1179 997 est
1207 969 1394 996 accusare
1426 956 1651 997 fortunam}
1672 955 1715 996 in

286 1030 450 1077 utroque
471 1023 590 1064 habes
613 1024 711 1077 quod
734 1031 772 1064 te
796 1024 952 1064 diuersa
969 1022 1111 1063 uirtute
1134 1022 1316 1062 delectet.
1351 1021 1456 1062 alter
1470 1020 1640 1062 honores
1657 1019 1717 1061 in-

286 1089 435 1130 dustria
462 1087 695 1130 consecutus
723 1096 807 1140 est,
844 1089 944 1130 alter
972 1088 1170 1143 sapienter
1190 1086 1436 1143 contempsit.
1494 1086 1717 1142 Adquiesce

286 1155 447 1196 alterius
474 1155 542 1196 filii
568 1156 774 1211 dignitate,
817 1152 976 1197 alterius
999 1155 1127 1210 quiete
1143 1186 1154 1207 ,
1186 1153 1389 1209 utriusque
1413 1155 1582 1210 pietate.-
1623 1154 1716 1196 noui

287 1223 446 1263 fratrum
467 1235 642 1263 meorum
659 1222 816 1264 intimos
842 1223 1038 1263 adfectus:
1073 1222 1173 1262 alter
1199 1221 1240 1262 in
1259 1221 1331 1261 hoc
1353 1221 1576 1275 dignitatem
1595 1233 1716 1262 exco-

285 1289 352 1339 lit,
393 1296 437 1330 ut
458 1288 526 1329 tibi
548 1296 777 1330 ornamento
801 1289 874 1339 sit,
916 1288 1015 1329 alter
1040 1288 1080 1328 in
1101 1288 1174 1328 hoe
1201 1301 1244 1328 se
1270 1287 1318 1328 ad
1339 1287 1579 1341 tranquillam
1607 1286 1716 1341 quie-

239 1372 270 1398 13
290 1362 452 1410 tamque*
475 1356 595 1396 uitam
626 1355 796 1410 recepit,
834 1362 877 1396 ut
904 1355 971 1395 tibi
1000 1360 1128 1395 uacet.
1187 1352 1299 1394 Bene
1326 1352 1470 1394 liberos
1496 1359 1583 1394 tuos
1612 1359 1653 1394 et
1675 1353 1716 1394 in

288 1422 474 1463 auxilium
506 1429 548 1462 et
572 1422 612 1462 in
640 1422 961 1471 oblectamentum
992 1421 1147 1461 fortuna
1173 1419 1381 1475 disposuit:
1420 1419 1715 1475 potesalterius

288 1488 475 1543 dignitate
505 1488 681 1539 defendi,
714 1487 874 1528 alterius
900 1488 980 1528 otio
1001 1487 1091 1527 frui.
1153 1484 1371 1527 Certabunt
1395 1486 1435 1527 in
1460 1493 1499 1527 te
1518 1486 1653 1528 officiis
1677 1493 1718 1528 et

287 1555 402 1595 unius
425 1554 657 1595 desiderium
682 1555 842 1594 duorum
862 1554 1005 1608 pietate
1029 1553 1282 1608 supplebitur.
1341 1552 1544 1594 Audacter
1558 1561 1715 1608 possum

287 1621 534 1675 promittere,
568 1621 662 1661 nihil
698 1621 764 1660 tibi
791 1620 915 1660 deerit
944 1620 1101 1675 praeter
1123 1623 1340 1660 numerum.
1401 1618 1465 1659 Ab
1491 1619 1552 1660 his
1576 1619 1624 1660 ad
1648 1633 1716 1661 ne-

288 1694 399 1742 potes
421 1701 572 1741 quoque
601 1687 777 1742 respiee=
815 1684 997 1740 Marcum
1023 1685 1314 1726 blandissimum
1336 1698 1496 1740 puerum
1528 1686 1576 1727 ad
1607 1685 1716 1727 cuius

256 1776 259 1779 ·
289 1760 537 1809 conspectum
562 1753 664 1794 nulla
687 1759 816 1808 potest
837 1753 976 1794 durare
998 1752 1168 1794 tristitia.
1209 1752 1303 1792 nihil
1330 1759 1405 1793 tam
1424 1766 1627 1807 magnum,
1658 1753 1716 1794 ni-

289 1844 413 1883 dulflere
431 1844 542 1874 studiis
558 1852 682 1883 passus.
706 1840 764 1874 P2.
776 1852 889 1882 =pro
907 1846 983 1874 tem·
1026 1857 1073 1870 =
1092 1843 1202 1882 quibus
1231 1842 1416 1873 imittaris
1438 1851 1516 1881 opus
1536 1845 1590 1874 est.
1637 1841 1667 1872 D
1681 1842 1714 1876 Ἦ

287 1897 362 1927 pore
386 1889 545 1919 auxisti
602 1885 661 1919 P3.
685 1901 729 1914 =
750 1889 834 1919 iacta
855 1897 930 1927 sup
943 1896 982 1918 er
1026 1910 1060 1922 .
1073 1887 1129 1920 (ὃ
1146 1890 1177 1923 -l-
1197 1889 1234 1917 et
1256 1887 1378 1918 interim
1399 1887 1522 1917 solacia.
1596 1892 1598 1894 ’

287 1933 538 2007 glizlc‘zzplinarum.
573 1933 648 1966 ΣΞ..
662 1930 747 1979 (ξ2
760 1949 802 1956 -
815 1935 885 1963 sunt
905 1937 983 1974 post
1026 1933 1140 2007 —tiiila
1148 1934 1258 2006 tggi=
1271 1934 1308 1961 A.
1377 1929 1466 1961 BGD
1478 1931 1533 1971 (g)
1545 1930 1623 1966 Ἦ..
1634 1983 1638 1986 .
1637 1930 1712 1964 .Ἐο

338 2018 391 2050 11.
414 2021 588 2061 g=Ntmc
611 2021 654 2051 ad
677 2022 742 2051 illa
765 2023 922 2052 revertere.
948 2020 981 2054 Ἦ
1075 2017 1126 2051 12.
1149 2021 1179 2051 A
1198 2033 1242 2046 =
1260 2020 1372 2059 fratres
1394 2021 1435 2050 ut
1458 2027 1536 2051 eos.
1582 2018 1613 2050 D
1628 2021 1662 2056 -1-
1679 2022 1714 2050 ct

292 2085 302 2097 .
316 2085 326 2096 .
339 2084 350 2096 .
366 2064 427 2096 (⁵52.
438 2078 483 2090 =
493 2065 537 2094 ad
553 2065 626 2094 illas
647 2067 775 2095 reverta
786 2074 817 2095 m
829 2075 849 2094 u
859 2074 876 2095 r
898 2075 979 2095 con-
1026 2065 1194 2104 utriusque.
1230 2063 1261 2097 Ἦ
1274 2086 1284 2097 .
1298 2086 1308 2097 .
1317 2085 1327 2097 .
1341 2064 1374 2097 :53
1391 2067 1424 2100 -l-
1434 2065 1599 2103 ,utriusque
1619 2073 1671 2104 qu
1681 2072 1714 2094 o-

290 2113 344 2138 tra
372 2113 474 2138 mstos
498 2106 595 2138 etiam
621 2107 707 2138 Pinc.
730 2107 786 2138 Gr.
833 2108 862 2138 D
874 2122 919 2134 =
932 2111 979 2138 tu-
1024 2119 1043 2148 q
1056 2117 1102 2140 ue
1119 2110 1241 2147 pietate.
1264 2119 1285 2149 g
1298 2110 1505 2147 :utriusque
1523 2117 1597 2147 pro
1604 2109 1714 2148 prie-

291 2154 357 2183 tam
379 2160 393 2182 e
404 2161 464 2182 sse
484 2150 695 2190 praestabunt.
1024 2156 1095 2183 tate.
1143 2151 1233 2181 D—-
1188 2165 1233 2178 =
1246 2153 1273 2182 N
1283 2162 1329 2183 οη
1350 2153 1483 2191 fratrum
1507 2161 1645 2182 meorum
1663 2153 1713 2182 in-

281 2197 310 2233 ,·³
336 2197 377 2227 in
400 2197 540 2227 animum
553 2209 598 2222 =
613 2195 731 2236 BGAg.
799 2195 863 2228 ΒἮ
876 2200 914 2229 ἑ..
927 2196 979 2230 ffio
1024 2198 1078 2227 tim
1089 2204 1136 2226 es.
1184 2196 1266 2225 13—
1224 2209 1266 2222 =
1277 2196 1412 2234 fratrum
1433 2198 1528 2226 eoru
1539 2204 1581 2225 m.
1627 2205 1650 2237 g
1667 2208 1713 2222 ==

276 2226 388 2282 &fi—in.
938 2268 942 2271 .
1023 2241 1205 2280 dignitatem
1223 2240 1344 2272 colit.
1387 2239 1418 2270 D
1442 2256 1482 2262 —-
1504 2237 1581 2272 alter
1600 2240 1634 2271 in
1653 2241 1713 2272 hoc

290 2283 303 2310 ss
335 2284 492 2316 intravere*
503 2287 534 2316 nt
545 2299 588 2311 =
602 2283 741 2325 BGADg
753 2284 785 2317 Ἦ
797 2306 809 2317 .
824 2305 835 2316 .
849 2306 860 2318 .
871 2283 914 2317 5.Βῖ
929 2281 980 2323 5311
1068 2286 1269 2315 ,ornamento
1292 2284 1341 2314 sit.

292 2326 345 2359 ed.
367 2328 439 2359 Par.
458 2339 486 2359 a.
512 2326 609 2361 1613.
686 2330 707 2362 ΣΕ
722 2351 731 2362 .
745 2350 754 2361 .
768 2329 846 2362 ..589
869 2330 980 2359 =·in-
1071 2326 1122 2359 13.
1147 2328 1266 2368 g—in
1287 2331 1364 2358 ante
1385 2329 1646 2359 oblectamentum.
1679 2328 1710 2358 D

290 2375 394 2404 traver
405 2376 484 2404 unt.
523 2374 554 2407 Ἦ
567 2395 577 2407 .
592 2396 601 2408 .
615 2395 625 2406 .
640 2372 702 2407 Ε2.
719 2376 752 2409 4-
771 2375 806 2403 et
827 2373 981 2403 uulli1ho-
1025 2373 1057 2406 Ἦ
1071 2394 1081 2406 .
1119 2394 1130 2405 .
1142 2373 1175 2405 Θ
1186 2373 1367 2411 =poteris
1389 2373 1524 2404 alterius.
1561 2371 1710 2412 G=po-

290 2425 362 2448 rum
376 2418 493 2456 patebit
516 2423 631 2448 contra
653 2423 756 2448 mstos
777 2415 876 2447 etiam
890 2415 978 2447 Pinc.
1025 2419 1098 2448 test
1120 2418 1256 2447 alterius.
1303 2416 1332 2446 D
1355 2414 1421 2447 duo
1445 2415 1503 2446 Gr.
1527 2415 1586 2450 Ἦ.
1624 2414 1710 2450 §.Z

294 2461 351 2492 Gr.
400 2462 483 2492 D=
493 2463 558 2493 iam
578 2463 701 2502 pridem
730 2463 903 2493 clausum
926 2463 985 2492 est.
1023 2475 1070 2488 ===
1095 2462 1258 2492 Certabunt
1278 2461 1394 2494 vitae
1419 2458 1549 2503 [vite]
1587 2461 1711 2500 officim.

291 2517 368 2548 g=
377 2506 443 2538 iam
457 2507 824 2546 pr-z'dempraeclusum
839 2508 892 2536 est
917 2503 979 2539 (ξῙ
1025 2504 1107 2536 Bell.
1130 2503 1229 2535 etiam
1251 2503 1342 2535 Pinc.
1366 2503 1432 2535 duo
1455 2503 1517 2535 Gr.
1531 2515 1580 2534 ω.
1629 2505 1712 2535 1)—

291 2551 324 2583 2,
339 2552 445 2582 =sed
467 2552 542 2590 quia
564 2551 737 2582 nondum
759 2560 793 2581 m
804 2551 891 2580 allum
906 2558 980 2588 por·
1022 2557 1197 2581 numerum.
1244 2548 1275 2579 G
1295 2563 1341 2576 =
1360 2549 1474 2580 nohis
1505 2549 1560 2580 sit
1581 2551 1711 2588 nepotes.

290 2597 356 2626 tum
380 2601 494 2626 contra
512 2601 614 2628 mstos
633 2594 732 2626 etiam
750 2593 838 2625 Pinc
863 2593 923 2624 Gr.
1025 2594 1055 2625 D
1077 2608 1121 2620 =
1142 2595 1181 2624 ab
1205 2594 1262 2624 his.
1307 2595 1355 2625 At
1381 2596 1511 2632 nepotes.
1559 2593 1615 2626 Ἦ.
1629 2613 1662 2627 ..
1675 2593 1708 2626 §B

333 2649 424 2678 quem
446 2641 476 2671 ti
487 2641 525 2671 bi
548 2641 652 2671 studia
663 2654 708 2666 =
720 2638 861 2679 BGADg
872 2638 904 2671 Ἦ
917 2660 927 2671 .
944 2660 953 2671 .
967 2660 978 2671 .
1023 2655 1068 2662 -
1080 2640 1123 2669 ad
1142 2638 1219 2669 ant‘e
1240 2641 1372 2676 nepotes.
1417 2636 1480 2671 OEl.
1492 2651 1537 2664 =
1550 2646 1596 2668 ac
1614 2645 1710 2677 nepo-
1731 2671 1733 2673 ,

290 2683 337 2717 Q.
407 2684 468 2718 OEl.
482 2707 492 2717 .
505 2706 516 2718 .
529 2706 538 2716 .
552 2685 605 2718 §Bo
618 2702 656 2708 -—
671 2684 735 2715 tibi.
782 2683 835 2724 Dg
846 2697 889 2709 =
906 2691 978 2721 per-
1021 2686 1073 2714 tes.
1098 2679 1188 2714 DP3.
1198 2696 1243 2709 =
1254 2682 1491 2718 blandissimum
1505 2690 1611 2721 puero
1619 2683 1715 2713 rum:

286 2729 399 2758 venis.
447 2728 477 2759 G
496 2742 542 2756 =
565 2729 820 2760 adaminiculis.
867 2727 899 2761 Ἦ
915 2749 926 2761 .
939 2748 950 2761 .
964 2748 974 2760 .
1020 2737 1088 2757 non
1112 2725 1265 2769 displicet
1285 2726 1436 2758 Grutero.
1484 2726 1516 2760 Ἦ
1536 2747 1568 2760 ..
1581 2748 1592 2760 0
1610 2725 1645 2762 Β
1657 2741 1708 2753 ’-

287 2770 348 2806 (ξῙ.
368 2786 414 2799 =
434 2774 543 2811 quibus
564 2774 726 2805 imitaris
745 2780 822 2812 opus
845 2773 897 2803 est.
943 2770 973 2802 D
1014 2780 1158 2810 puerum.
1189 2806 1192 2808 ,
