1812 3184
497 166 682 207 NATUR.
713 166 923 217 QUAEST.
956 168 1050 208 ΜΒ.
1072 169 1164 217 vll,
1196 175 1264 211 27.
1519 172 1596 215 711

149 279 360 322 nonime·
378 282 490 336 parte
511 279 555 321 lit
577 294 653 335 qua
673 279 783 322 sidus
803 280 930 336 ipsum
954 287 1016 323 est
1034 281 1153 338 spissi
1174 281 1276 337 ignis
1298 295 1345 324 ao
1368 282 1500 336 solidi,
1530 285 1600 326 sed

148 352 372 404 :plnres
397 347 586 403 splendor
616 347 794 390 excurrit
813 348 912 390 etin
935 348 1066 391 crines
1087 349 1347 406 dispergitur,
1388 364 1460 406 per
1479 351 1602 394 inter-

146 414 253 458 mtt-
276 414 450 471 ignhnm,
482 429 562 457 non
582 428 654 472 per
673 416 782 472 ipsos
806 416 931 459 uides.
992 415 1166 469 Stellae,
1196 417 1344 472 iuquit,
1374 431 1513 461 omnes
1534 433 1601 461 ro÷

92 482 95 486 ’
150 483 299 526 undae
317 489 433 536 sunt,
465 490 642 527 cometae
661 483 855 540 porrecti=
888 498 941 527 ex
960 499 1038 540 quo
1060 485 1221 541 adparet
1239 484 1373 527 stellas
1393 499 1471 526 non
1491 499 1597 528 esse.

148 550 254 607 Quis
286 551 395 593 eninr
425 551 608 593 coneedit
639 551 707 594 tibi
738 559 913 594 cometas
945 552 1085 607 longos
1117 553 1234 595 esse?
1275 566 1439 607 quorum
1461 559 1602 594 natura

146 618 303 674 quidem
327 625 370 660 ut
389 624 612 661 ceterorum
638 619 808 663 siderum
830 619 969 674 globus
993 626 1079 672 est,
1112 626 1287 663 ceterum
1310 620 1440 674 fulgor
1462 626 1602 664 exten-

148 684 270 729 ditur.
332 685 679 742 Quemadmodum·
702 687 763 728 sol
792 687 924 728 radios
955 701 1050 730 suos
1079 687 1195 743 longe
1234 687 1389 742 lateque
1428 686 1601 738 dimittit,

148 760 324 797 ceterum
344 754 421 810 ipsi
441 754 517 797 alia
539 761 602 796 est
622 755 763 806 forma,
791 754 868 796 alia
889 755 925 796 ei
946 755 1047 809 quod
1070 768 1123 796 ex
1143 755 1230 810 ipso
1252 755 1337 797 fluit
1354 754 1512 797 lumini:
1545 754 1605 796 sie

149 826 393 864 metarum*
410 834 555 876 eorpus
575 821 702 876 ipsum
726 822 1057 872 coiit-otuiidatur,
1090 822 1277 877 splendor
1297 829 1428 864 autem
1449 821 1607 876 longior

149 899 269 944 'quam
310 894 534 930 ceterorum
574 886 748 930 siderum
787 888 965 944 adparet.
1024 886 1214 931 XXVII.
1256 887 1416 943 Quare?
1456 889 1601 943 inquis.

150 955 227 998 Dio
249 962 291 997 tu
311 954 407 997 mihi
427 955 536 1011 prius
559 968 680 1010 quare
701 955 794 997 luna
820 956 1119 997 dissimillimum
1151 955 1227 996 soli
1258 955 1390 997 lumen
1421 954 1602 1011 accipiat,

148 1037 238 1066 eum
261 1022 431 1079 aeeipiat
449 1036 473 1064 a
495 1022 596 1064 sole.
659 1036 780 1078 quare
801 1023 917 1065 modo
939 1022 1092 1073 rubeat,
1124 1022 1240 1064 modo
1263 1022 1419 1078 palleat.
1481 1033 1604 1077 quare

149 1091 293 1134 liuidus
319 1090 378 1133 illi
407 1096 449 1132 et
477 1096 566 1132 ater
594 1090 706 1132 color
733 1090 807 1143 sit,
853 1105 939 1132 cum
978 1096 1192 1146 conspectu
1226 1090 1322 1131 solis
1361 1088 1599 1131 excluditur.

149 1157 227 1202 Dio
246 1157 342 1200 mihi
364 1171 485 1214 quare
507 1171 646 1199 omnes
669 1158 815 1209 stellae
828 1158 934 1200 inter
954 1171 998 1200 se
1019 1157 1245 1199 dissimilem
1267 1157 1436 1199 habeant
1455 1156 1602 1212 aliqua·

149 1233 266 1269 tenus
290 1225 431 1268 faeiem
446 1256 458 1277 ‚
491 1225 798 1267 diuersissimam
821 1225 910 1268 soli.
974 1224 1183 1279 Quomodo
1206 1224 1302 1266 nihil
1327 1223 1508 1280 prohibet
1526 1223 1603 1265 ista

147 1294 280 1337 sidera
302 1306 419 1345 esse,
462 1293 640 1348 quamuis
661 1293 806 1334 similia
825 1308 904 1334 non
926 1293 1026 1335 sint:
1069 1292 1126 1334 sic
1151 1291 1247 1334 nihil
1269 1291 1450 1348 prohibet
1471 1303 1604 1332 come-

147 1369 207 1404 tus
229 1367 417 1402 aeternos
438 1373 528 1401 esse
551 1367 592 1401 et
612 1360 733 1401 sortis
749 1360 923 1402 eiusdem
947 1360 1058 1402 euius
1078 1367 1229 1411 cetera,
1262 1359 1379 1401 etiam
1399 1359 1434 1401 si
1458 1357 1597 1400 faciem

147 1428 227 1471 illis
245 1442 326 1470 non
347 1427 493 1470 liabent
514 1427 697 1469 similem.
759 1425 865 1482 Quid
888 1428 1033 1483 porro?
1072 1428 1238 1468 mundus
1259 1427 1367 1482 ipse,
1411 1426 1445 1468 si
1469 1424 1600 1468 consi-
1618 1434 1635 1462 2

91 1510 96 1516 ·
149 1495 267 1538 deres
288 1495 394 1536 illum
409 1526 422 1547 ‚
454 1508 586 1536 nonne
606 1508 659 1536 ex
682 1495 852 1537 diuersis
874 1494 1102 1551 conpositus
1125 1495 1211 1536 est?
1270 1491 1376 1548 Quid
1400 1500 1461 1535 est
1482 1505 1602 1548 quare

149 1564 191 1605 in
210 1561 352 1606 Leone
374 1562 434 1604 sol
455 1575 613 1618 semper
635 1562 771 1604 ardeat
790 1569 831 1604 et
853 1569 980 1604 terras
1000 1561 1174 1605 aestibus
1194 1568 1373 1614 torreat,
1405 1561 1446 1602 in
1469 1559 1605 1615 Aqua-

150 1630 211 1673 rio
234 1630 452 1686 adstringat
472 1629 639 1671 hiemem
653 1661 666 1681 ,
699 1629 858 1671 flumina
881 1630 972 1685 gelu
995 1629 1176 1671 claudat?
1234 1627 1289 1674 Et
1312 1628 1387 1670 hoc
1413 1635 1545 1668 tamen
1565 1633 1607 1668 et

150 1699 243 1740 illud
265 1698 373 1740 sidus
395 1697 570 1739 eiusdem
595 1697 838 1738 condicionis
863 1703 945 1749 est,
988 1711 1075 1754 cum
1098 1697 1241 1737 effectu
1266 1702 1306 1737 et
1329 1702 1467 1736 natura
1491 1693 1606 1735 dissi-

152 1766 242 1809 mile
264 1765 331 1809 sit.
391 1763 502 1807 Intra
520 1764 797 1807 breuissimum
821 1771 973 1820 tempus
991 1762 1112 1805 Aries
1133 1763 1352 1815 extollitur,
1384 1761 1508 1804 Libra
1528 1767 1608 1802 tar-

152 1834 314 1876 dissime
344 1832 557 1889 mergitur:
602 1839 641 1874 et
665 1832 739 1874 hoo
765 1840 896 1874 tamen
918 1832 1027 1873 sidus
1048 1838 1089 1873 et
1108 1831 1200 1872 illud
1233 1830 1408 1872 eiusdem
1439 1835 1606 1871 naturae

156 1925 272 1961 nmo
287 1947 298 1961 ο
313 1924 371 1960 σε
389 1938 436 1953 ==
455 1925 601 1957 Primum
624 1925 653 1956 Si
674 1924 708 1964 fit
731 1924 859 1956 islad-

159 1970 191 2003 G
201 1971 332 2012 (enm)
344 1983 391 1999 Ε.-
401 1971 491 2003 sidus
510 1970 617 2009 ipsum
636 1972 672 2001 et
694 1970 797 2009 spissi.

197 2017 282 2058 ignis
301 2025 341 2048 ae
363 2016 514 2048 solidi===
525 2014 610 2048 BEe.
682 2013 713 2045 G
724 2015 756 2049 §B
771 2036 810 2049 ...
826 2013 859 2051 R

154 2074 202 2090 -ι
223 2070 262 2094 uo
284 2061 378 2093 solidi
402 2061 497 2101 ignis.
546 2058 622 2100 G(s
637 2059 696 2099 ω)
719 2073 766 2087 =
786 2068 861 2100 que

156 2115 254 2139 rarus
274 2106 430 2146 splendor.
479 2106 596 2137 B=ct
620 2106 653 2136 in
674 2106 774 2137 crines
797 2113 860 2136 ex-

157 2161 180 2192 p
192 2160 212 2183 a
221 2161 239 2183 r
247 2153 343 2192 gitur.
389 2150 455 2186 ΘΒ
467 2164 513 2179 ==
527 2153 623 2183 comet
632 2158 648 2181 e
657 2159 674 2181 s
693 2151 837 2189 porrecti.

904 1924 952 1956 Ee
974 1921 1015 1955 ci.
1037 1922 1133 1955 Grut.
1215 1922 1246 1954 G
1260 1921 1317 1954 Gr.
1334 1922 1368 1957 §B
1395 1924 1430 1959 -l-
1460 1929 1533 1954 cum
1566 1921 1608 1953 in

904 1971 1067 2008 conspectu
1089 1969 1164 2000 solis
1186 1969 1265 2000 excl.
1311 1966 1424 2002 61η..
1436 1965 1470 2001 Ω
1485 1969 1520 2004 -l-
1535 1973 1606 1998 cum

906 2023 927 2046 a
950 2016 1112 2054 conspectu
1135 2015 1209 2046 solis
1231 2013 1309 2044 excl.
1357 2012 1382 2043 B
1395 2025 1441 2040 =
1454 2012 1608 2051 aliquate-

905 2068 966 2091 nus
987 2059 1122 2090 habeant
1154 2059 1278 2098 faciem.
1347 2056 1376 2088 G
1389 2072 1435 2085 =
1450 2057 1512 2088 nil
1532 2063 1609 2095 pro-

906 2105 986 2136 hibet
1010 2102 1069 2147 [=
1087 2113 1118 2134 e.
1145 2102 1210 2137 (21.
1228 2103 1289 2144 =]
1320 2103 1383 2134 ιἰα
1406 2103 1512 2134 sidera
1534 2107 1609 2134 esse.

952 2150 1013 2180 sic
1027 2149 1105 2189 nihil
1119 2148 1315 2188 prohibet==
1326 2146 1463 2181 BEGQB,
1534 2154 1553 2175 e
1563 2156 1610 2172 ==

201 2197 280 2236 Quis
302 2197 387 2228 enim
407 2196 564 2228 coneedit
586 2195 641 2226 tibi
663 2208 709 2222 ..-=
732 2194 791 2225 Ee.

155 2241 328 2281 B==Quis
349 2242 432 2272 enim
454 2242 511 2272 tibi
532 2240 680 2272 concedit.
729 2237 858 2279 G(lit.)

155 2287 293 2327 moui
313 2286 399 2317 enim
419 2286 476 2317 tibi
498 2285 706 2318 concedunt.
753 2284 785 2318 §B
799 2306 810 2318 .
824 2306 833 2316 .
849 2305 859 2318 .

156 2332 191 2367 ,a
210 2331 357 2370 a'Out's
379 2331 463 2362 enim
485 2330 542 2361 tibi
575 2329 745 2360 concedet.
795 2328 860 2363 θῇς

156 2389 204 2405 a=
222 2377 368 2407 cometes
400 2376 509 2414 longos
535 2382 609 2405 esse.
658 2373 684 2402 B
707 2387 753 2400 =
773 2374 861 2413 longe

157 2423 280 2461 lateque
309 2419 461 2450 demittit
489 2421 623 2450 ceterum
647 2418 716 2449 alia
749 2419 792 2449 est
825 2418 863 2448 ei

158 2467 274 2506 sonna.
321 2462 353 2495 G
365 2465 432 2503 (er.
448 2465 506 2503 ω)
520 2463 578 2494 Gr.
593 2463 626 2497 Q
646 2475 692 2489 =
711 2462 796 2502 quod
824 2471 863 2493 esc

158 2512 229 2551 ipso
252 2510 321 2551 fluit
343 2509 501 2540 luminis.
550 2506 580 2538 G
594 2505 681 2550 (sm)
695 2520 740 2535 ==
761 2508 864 2547 splen-

159 2557 220 2588 dor
242 2555 351 2587 enim
373 2555 504 2594 Ιοπῃίον.
644 2564 649 2567 <

391 2631 473 2675 cap.
499 2632 645 2663 xxvn.

208 2691 233 2721 Β
245 2690 360 2722 ==soli
381 2689 637 2721 dissimillimum.
685 2688 710 2718 B
734 2706 780 2711 -—
798 2697 869 2719 cum

164 2736 301 2776 accipiat
325 2744 347 2766 a
370 2735 444 2766 sole.
490 2732 624 2765 Amicus
647 2733 744 2764 Grut.
767 2731 807 2764 ci.
824 2746 868 2759 π-

164 2789 262 2822 quare
283 2781 410 2812 Lunae
430 2779 552 2811 dissim.
580 2779 647 2811 Soli
665 2780 780 2816 lumen,
799 2786 870 2809 cum

166 2824 445 2867 accipiasasole?
475 2823 601 2856 (ἕπει
619 2823 869 2856 acercolorsit.

213 2879 285 2904 cum
308 2871 471 2910 conspectu
496 2871 568 2902 soIis
590 2869 767 2901 excluditur
786 2882 830 2896 ==
848 2867 871 2898 Β

908 2196 952 2225 sic
975 2194 1039 2224 nil
1060 2193 1212 2231 prohibet.
1250 2190 1313 2226 &L
1329 2191 1542 2226 ...Si=ita
1561 2190 1617 2221 mv
1664 2218 1666 2220 ,

906 2240 949 2271 hil
970 2238 1121 2278 prohibet.
1158 2236 1318 2277 G(cr.oe)
1330 2250 1375 2263 ==
1389 2238 1525 2268 cometas
1548 2242 1611 2265 ea:-

905 2287 1006 2316 1ernos
1040 2290 1114 2314 esse.
1162 2281 1187 2311 B
1209 2295 1255 2309 =
1276 2283 1357 2314 etsi
1390 2282 1505 2321 faciem
1536 2279 1611 2310 illis.

909 2327 1000 2359 GGr.
1013 2327 1046 2361 §B
1059 2339 1104 2353 --·=
1117 2335 1178 2358 non
1195 2326 1256 2357 hab
1267 2335 1288 2357 u
1298 2328 1331 2357 it
1350 2326 1493 2357 similem.
1513 2323 1610 2355 Grut.

908 2371 947 2404 ci.
960 2386 1005 2399 =
1019 2380 1080 2403 non
1103 2372 1319 2402 habuerint
1340 2371 1482 2401 similem,

953 2415 986 2447 2.
1012 2416 1037 2446 B
1050 2425 1183 2447 ==n0n
1204 2425 1243 2447 ex
1257 2415 1390 2447 diversis
1406 2414 1584 2454 pas-uba
1598 2421 1613 2444 s

908 2462 1086 2502 conpositus
1110 2463 1165 2492 est.

956 2507 1001 2538 sol
1023 2514 1144 2546 semper
1166 2506 1280 2538 ardeat
1299 2519 1346 2532 =
1367 2503 1440 2536 EG.
1522 2503 1548 2534 B
1570 2519 1612 2526 -

911 2553 967 2584 sol.
1004 2552 1036 2586 23
1052 2572 1090 2585 ...
1103 2550 1319 2591 st=semper
1342 2551 1388 2582 sol
1405 2549 1526 2581 ardeat.
1552 2545 1612 2579 P4.

913 2612 957 2626 a:
972 2598 1105 2637 flumina
1126 2597 1198 2636 yelu
1219 2605 1235 2628 c
1244 2605 1262 2627 ο
1273 2606 1293 2628 n
1303 2606 1319 2627 c
1331 2597 1372 2626 lu
1381 2595 1447 2626 dat.
1495 2591 1557 2626 1‘3.
1568 2605 1614 2620 ==

915 2643 1047 2684 {lumina
1070 2643 1140 2682 9elu
1164 2642 1260 2672 claud
1270 2650 1292 2673 a
1302 2651 1323 2672 π
1334 2643 1374 2671 tu
1385 2650 1412 2672 r.
1458 2636 1556 2681 Apud
1585 2636 1615 2669 G

915 2687 1063 2718 claudat
1095 2685 1129 2716 in
1153 2684 1205 2717 lit.
1254 2687 1278 2716 B
1292 2687 1388 2726 (εω)
1410 2699 1454 2712 =
1478 2686 1537 2716 Ex
1561 2684 1617 2715 hoc

916 2736 1020 2764 tamen
1041 2734 1069 2763 et
1090 2732 1182 2762 illud.
1227 2731 1288 2765 Bffs
1299 2745 1344 2759 =
1355 2732 1401 2763 lnt
1411 2739 1453 2762 er
1474 2729 1619 2761 brevissi-

916 2786 1005 2809 mum
1027 2779 1157 2815 tempus.
1199 2775 1298 2811 5351.
1310 2790 1355 2804 =
1367 2777 1449 2808 aries
1471 2783 1509 2807 ex
1520 2783 1536 2806 e
1546 2783 1564 2806 0
1574 2773 1619 2805 ιι·-

918 2825 969 2854 tur
994 2819 1105 2863 (mOEl.
1117 2835 1162 2848 ==
1173 2830 1212 2853 ex
1223 2830 1241 2853 ο
1250 2830 1267 2853 r
1276 2822 1288 2852 i
1298 2820 1373 2863 tur).

965 2868 1061 2899 Libro
1084 2867 1261 2900 tardissime
1291 2876 1323 2899 m
1333 2876 1347 2898 e
1357 2876 1374 2899 r
1384 2877 1403 2907 9
1415 2868 1475 2898 itu
1485 2875 1501 2897 r
1518 2880 1563 2894 =
1577 2863 1623 2896 Ee
