1812 3184
482 182 666 224 NATUR.
699 182 909 233 QUAEST.
940 183 1035 224 ΜΒ.
1059 184 1134 232 Ν,
1167 189 1206 225 2.
1487 186 1572 231 583

125 306 211 352 que.
229 301 346 351 aque
370 294 535 348 obrutos
559 302 666 338 tanta
694 295 797 338 mole
820 296 1060 350 credideris,
1105 295 1224 353 longe
1246 296 1296 339 ab
1320 297 1429 339 eoin
1455 311 1570 353 quem

124 363 463 406 ceddemnt‘ioco
493 363 683 420 nauigant
707 364 889 406 tormenti
914 364 1029 407 modo
1055 364 1182 407 missi.
1243 378 1318 407 uec
1338 365 1481 420 mergit
1501 380 1567 408 ca-

123 432 222 474 dens
242 431 345 474 unda
359 463 373 485 ‚
411 431 483 474 sed
503 432 629 489 planis
651 432 763 488 aquis
789 432 922 474 tradit.
981 431 1157 474 Primum
1179 432 1462 475 incrementum
1482 431 1566 474 Nili
1585 441 1600 467 ⁷

123 500 230 542 circa
252 500 422 542 insulam
445 514 558 556 quam
584 500 700 542 modo
723 500 865 552 retuli,
897 498 1054 553 Philas,
1086 501 1275 543 noscitur.
1336 498 1497 555 Exiguo
1519 500 1568 542 ab

123 567 196 610 hac
213 567 340 624 spatio
366 574 477 624 petra
507 567 716 610 diuiditur:
736 565 916 620 ”Assavov
938 566 1085 610 Graeci
1112 575 1255 610 uocant
1277 581 1350 609 nec
1374 567 1476 609 illam
1500 568 1570 609 ulli

123 635 200 678 nisi
227 635 426 678 antistites
454 635 644 681 calcant„
684 635 751 676 ina
779 635 946 690 primum
974 649 1073 676 saxa
1103 643 1258 677 auctum
1282 635 1451 676 fluminis
1477 649 1570 677 sen-

121 703 238 746 tiunt.
295 701 396 745 Post
415 702 583 758 spatium
608 702 748 744 deinde
769 708 950 757 magnum
975 702 1051 743 duo
1073 702 1244 745 emicant
1261 702 1436 759 scopuli:
1472 701 1570 745 Nili

120 771 256 814 ms
278 776 423 812 uocant
437 769 608 811 incolae.
669 783 723 811 cx
752 768 891 823 quibus
920 783 1059 824 magna
1083 769 1143 811 uis
1166 770 1364 823 funditur,
1406 784 1487 812 non
1511 777 1568 812 ta-

120 842 377 893 men-quauta
406 836 562 893 operire
586 843 722 892 posset
738 836 980 892 Aegyptum.
1043 834 1091 878 In
1115 837 1214 879 haec
1240 851 1311 879 ora
1335 837 1475 894 stipem
1505 852 1569 879 sa-

121 905 304 948 cerdotes
327 910 369 946 et
391 917 512 946 aurea
531 905 643 946 dona
674 903 887 960 praefecti,
919 917 1016 945 cum
1044 904 1234 947 sollemne
1261 905 1369 946 uenit
1394 919 1566 962 sacrum,

0 988 6 1020 ι
120 972 282 1018 iaciunt.
342 971 449 1014 Hinc
483 972 563 1014 iam
596 971 827 1013 manifestus
865 985 1057 1014 nouarum
1092 972 1233 1014 uirium
1261 971 1380 1014 Nilus
1410 972 1488 1014 alto
1522 986 1605 1014 ace

1 1028 10 1055 ⁷
122 1038 318 1098 profundo
339 1039 456 1081 alueo
478 1040 605 1081 fertur
618 1071 629 1092 ,
662 1052 712 1080 nc
732 1039 772 1080 in
793 1029 1035 1080 latitudinem
1056 1040 1249 1092 excedat,
1282 1039 1439 1082 obiectu
1459 1054 1572 1082 mon-

121 1110 219 1151 tium
247 1120 425 1164 pressus.
487 1104 608 1150 Circa
627 1105 841 1162 Memphim
873 1107 1026 1148 demum
1057 1107 1158 1149 liber
1180 1114 1220 1149 et
1238 1120 1310 1163 per
1335 1107 1573 1163 campestria

123 1190 249 1232 uagus
267 1175 308 1218 in
328 1175 440 1232 plura
458 1175 650 1217 scinditur
669 1174 826 1215 flumina
849 1188 1042 1230 manuque
1064 1175 1264 1216 canalibus
1286 1175 1425 1227 factis,
1457 1182 1501 1218 ut
1520 1175 1573 1216 sit

123 1244 261 1286 modus
281 1243 324 1285 i'n
348 1242 610 1285 deriuantium
637 1248 855 1297 potestate,
889 1255 960 1297 per
979 1249 1100 1284 totam
1123 1243 1308 1284 discurrit
1325 1241 1568 1298 Aegyptum.

118 1311 241 1355 vInitio
259 1310 470 1362 diducitur,
502 1309 643 1351 deinde
663 1309 900 1350 continuatis
921 1310 1032 1365 aquis
1052 1310 1093 1351 in
1113 1310 1252 1351 sociem
1272 1310 1339 1351 lati
1361 1324 1408 1351 ac
1427 1309 1574 1352 turbidi

122 1379 241 1423 maris
259 1384 441 1434 stagnat:
473 1391 639 1419 cursum*
651 1377 707 1418 iili
724 1376 1029 1431 uiolentiamque
1048 1377 1164 1431 eripit
1181 1377 1346 1421 latitudo
1367 1377 1572 1432 regionum

122 1448 163 1489 in
191 1459 289 1503 quas
317 1445 547 1487 extenditur
576 1445 719 1486 dextra
741 1444 931 1499 laeuaque
956 1451 1077 1486 totam
1100 1445 1304 1500 amplexus
1327 1443 1571 1501 Aegyptum

123 1515 324 1570 Quantum
344 1513 471 1555 creuit
486 1511 632 1564 Nilus,
666 1519 814 1553 tantum
840 1512 924 1567 spei
948 1512 989 1552 in
1015 1526 1159 1553 annum
1188 1519 1265 1553 est.
1327 1524 1401 1554 nec
1425 1526 1572 1568 conpu-
1590 1526 1608 1554 9

124 1582 221 1625 tatio
257 1580 356 1623 fallit
390 1580 627 1636 agricolam:
677 1579 775 1620 adeo
812 1579 859 1620 ad
891 1593 1115 1621 mensuram
1152 1579 1322 1620 fluminis
1362 1579 1576 1635 respondet

125 1664 241 1707 quam
267 1647 435 1691 fertilem
461 1647 554 1689 facit
571 1646 706 1689 Nilus.
768 1644 809 1687 Is
832 1660 1003 1688 arenoso
1029 1654 1069 1688 et
1094 1646 1244 1688 sitienti
1265 1647 1352 1688 solo
1373 1654 1413 1688 et
1433 1660 1574 1702 aquam

126 1741 284 1776 ξηαπς
305 1741 340 1772 in
361 1742 458 1779 caput
479 1739 584 1771 nixi.
630 1736 759 1770 Koelcr
783 1736 824 1769 ci.

125 1805 164 1811 -
181 1787 280 1818 missi.
325 1793 530 1816 e=mersos
552 1793 618 1814 om.
642 1793 710 1823 que.

166 1834 202 1863 in
222 1839 315 1872 quem
338 1830 588 1862 ceciderunt=
601 1828 679 1860 EeG
691 1827 789 1863 ffiffl.

125 1875 188 1912 (320
201 1898 240 1911 ,η
252 1875 286 1910 R
295 1889 342 1903 =
351 1877 384 1907 in
398 1884 490 1915 quem
513 1875 632 1906 occider
642 1883 660 1905 a
670 1876 714 1905 nt.
739 1871 826 1905 Lud.

123 1919 227 1954 Ianus
247 1919 289 1952 ci.
311 1934 357 1948 =
379 1921 522 1952 tormenti
552 1920 731 1951 missilis.
779 1918 826 1948 Ee

130 1973 166 2006 -ι-
180 1976 242 1999 -nec
265 1967 378 2006 mergit
400 1965 517 1996 cadens
538 1966 639 1996 illos
660 1964 758 1995 unda.

168 2009 202 2044 7.
233 2013 318 2044 circa
341 2011 479 2042 insulam
490 2018 587 2049 quam
610 2009 703 2040 modo
725 2009 828 2046 retuli,

125 2058 246 2096 Philas,
268 2066 290 2087 n
300 2057 489 2088 ascitur=
503 2054 548 2085 Ee
559 2053 651 2085 Fort.
674 2052 730 2084 Gr.
743 2053 776 2086 93
790 2075 827 2086 ..0

126 2100 190 2137 &20
202 2099 272 2136 &20
343 2099 431 2132 pinca-
446 2098 655 2134 Ciossousslo
670 2098 827 2133 must:

124 2149 210 2180 circa
231 2147 371 2178 insulam
393 2154 489 2185 quam
523 2145 614 2176 modo
638 2144 729 2176 retuli
751 2144 827 2174 Phi-

125 2194 174 2224 tas
195 2192 358 2224 noscitur.
405 2189 471 2221 mG
483 2203 528 2217 =
542 2190 627 2221 circa
650 2190 672 2220 i.
693 2197 723 2227 q.
737 2197 779 2219 m.
795 2197 824 2219 r.

119 2237 235 2269 >Philas
256 2237 411 2268 visitur.
457 2235 504 2266 Ee
519 2236 551 2270 §B
564 2248 610 2261 =
622 2234 746 2273 Exiguo
779 2242 796 2264 ο
807 2234 825 2264 b

125 2282 199 2314 hoc
229 2282 343 2320 spatio.
393 2279 546 2315 Gertz
569 2294 615 2307 =
638 2280 761 2318 Exiguo
784 2280 824 2309 ab

126 2327 199 2359 hoc
222 2327 343 2365 spacio-⁷
389 2324 481 2357 Pinc.
503 2324 543 2356 ci.
562 2338 613 2355 ω.
663 2323 692 2354 G
710 2325 823 2363 (mm)

127 2370 228 2406 2851.
249 2385 296 2398 =
320 2373 440 2402 terra
471 2371 635 2402 dividitur.
684 2367 759 2401 (ΗΒ
779 2383 825 2395 =

128 2417 289 2447 Abaton
313 2416 423 2446 Graeci
445 2419 568 2450 vocant.
615 2412 679 2448 (sl.
691 2427 737 2439 =
750 2415 772 2444 A
786 2415 826 2444 b-

128 2462 255 2492 aeton
288 2460 400 2491 Graeci
433 2463 556 2491 vocant.
605 2456 664 2490 1²4.
684 2472 730 2485 =
753 2459 827 2489 ab-

128 2505 216 2537 acti
240 2505 352 2536 Graeci
372 2507 496 2535 vocant.
530 2503 559 2535 G
572 2504 701 2544 (cium)
714 2504 828 2534 ==illa

126 2551 267 2590 primum
288 2558 423 2581 saxum
447 2552 574 2581 auctum
602 2550 740 2590 fluminis
761 2557 828 2580 sen-

130 2597 218 2627 tiunt.
265 2593 356 2626 Pinc.
381 2605 411 2624 v.
435 2593 456 2625 l.
484 2593 556 2626 Col.
580 2593 686 2628 2351.
708 2607 753 2621 =
772 2594 829 2624 illa

127 2641 267 2681 primum
295 2648 431 2671 saxum
463 2643 561 2671 actu
586 2638 673 2682 [Col.
698 2637 762 2673 ΕΙ.
784 2652 830 2665 =

130 2683 255 2728 auctu]
280 2685 420 2726 {lunainis
442 2686 585 2716 sentiunt.
627 2683 717 2715 Pinc.
732 2683 772 2714 ci.
786 2698 832 2711 =

131 2730 231 2762 illud
251 2731 363 2770 primo
385 2738 519 2761 saxum
542 2732 670 2761 auctum
694 2730 833 2770 [luminis

131 2776 248 2807 sentit.
294 2771 354 2806 P4.
377 2787 423 2802 ==
443 2775 500 2806 illa
533 2776 670 2815 primum
706 2783 835 2806 saxum

131 2821 235 2852 aucti
260 2821 398 2861 [luminis
416 2821 560 2853 sentiunt.

927 1739 1001 1770 Post
1031 1739 1170 1777 spatium
1202 1737 1314 1770 deinde
1357 1746 1510 1778 magnum
1529 1751 1575 1765 ==

872 1783 930 1813 Ee.
1002 1782 1067 1817 θῇς
1081 1804 1089 1816 .
1103 1805 1112 1817 .
1127 1804 1136 1817 .
1150 1782 1238 1817 R=
1249 1784 1324 1815 Post
1346 1791 1500 1823 magnum
1522 1784 1575 1815 de-

871 1828 943 1859 inde
966 1829 1114 1866 spatium.

918 1884 981 1914 duo
1005 1885 1072 1914 emi
1085 1886 1182 1915 cant
1205 1885 1326 1923 scopuli
1346 1898 1392 1911 =
1413 1883 1470 1914 Ee.
1543 1883 1575 1915 G

873 1928 906 1962 28
921 1949 962 1963 ..ι
974 1928 1006 1963 ,ff
1018 1942 1063 1955 =
1075 1929 1138 1960 duo
1171 1930 1294 1960 emine
1305 1932 1347 1960 nt
1369 1930 1499 1968 scopuli.
1549 1929 1575 1959 E

873 1988 919 2000 =
942 1977 1063 2013 quanta
1087 1975 1206 2013 operire
1226 1975 1343 2013 possit
1373 1975 1493 2006 oriri.
1541 1975 1575 2005 In

873 2020 958 2050 haec.
1009 2029 1027 2050 e
1039 2033 1081 2046 =
1095 2022 1215 2059 quanta
1238 2019 1368 2058 operiri
1397 2020 1512 2059 possit
1536 2028 1554 2050 ο
1564 2036 1576 2042 -

872 2065 966 2095 riri.
1014 2065 1050 2095 1η
1083 2065 1170 2095 haec.
1217 2062 1248 2094 G
1261 2065 1388 2104 (cnm)
1399 2077 1445 2090 =
1456 2066 1575 2104 quanta

872 2110 990 2148 operire
1011 2117 1131 2148 possen
1142 2111 1153 2139 t
1166 2109 1350 2148 Aeyyptum.
1375 2109 1409 2143 Q
1420 2123 1464 2136 =
1475 2118 1577 2148 quan-

873 2156 905 2184 ta
927 2155 1058 2193 perire
1079 2156 1181 2193 posset
1202 2157 1382 2192 aeyyptum.
1420 2153 1498 2195 [OEl.
1513 2153 1573 2196 =]

870 2199 907 2230 In
926 2199 1003 2230 hac
1027 2207 1096 2230 ora.
1123 2197 1194 2229 Col.
1208 2199 1393 2231 =1nhoc
1416 2208 1483 2231 ora.
1511 2199 1574 2233 (ΣΙ.

872 2258 917 2271 =
927 2245 1069 2284 stirpem
1090 2244 1275 2276 sacerdotes.
1302 2245 1349 2276 Ee
1360 2262 1402 2268 —
1413 2245 1575 2285 praefecit

915 2308 948 2343 8.
980 2321 1017 2343 ne
1041 2314 1074 2343 in
1106 2311 1346 2343 latitudinem
1379 2312 1509 2343 excedat
1531 2325 1576 2338 =

873 2356 911 2388 ci.
934 2356 1071 2387 Fortun.
1107 2355 1169 2389 (ἴ).
1185 2378 1194 2388 .
1208 2378 1219 2389 .
1234 2378 1242 2388 .
1257 2355 1302 2390 R·
1383 2356 1465 2387 EeG
1483 2355 1575 2387 Fort.

874 2402 933 2432 Gr.
950 2401 982 2434 23
997 2399 1059 2434 ffl.
1072 2414 1118 2427 =
1130 2409 1168 2431 ne
1180 2402 1213 2431 in
1238 2402 1468 2433 altitudinem
1491 2410 1578 2432 exce-

874 2447 943 2477 dat.
994 2446 1023 2475 (ὶ
1036 2452 1099 2487 (cr.
1117 2446 1173 2485 ω)
1195 2459 1242 2472 =
1263 2447 1299 2476 ob
1312 2448 1400 2478 ictu*
1414 2448 1577 2478 montium.

875 2491 901 2522 E
915 2504 960 2518 =
972 2491 1063 2522 Circa
1078 2492 1248 2530 Memphim
1271 2491 1353 2523 dein
1364 2492 1386 2523 d
1397 2500 1412 2523 e
1436 2492 1522 2523 liber.
1547 2490 1578 2521 G

876 2536 990 2577 (mm)
1014 2554 1049 2560 —-
1069 2537 1180 2568 deinde
1204 2538 1401 2568 continuatis.
1448 2537 1481 2571 Q
1495 2558 1532 2571 ...
1545 2535 1578 2570 (55

875 2597 920 2610 =
940 2584 974 2613 in
1002 2583 1116 2622 faciem
1146 2583 1225 2613 laci
1258 2591 1296 2613 ac
1320 2582 1437 2614 turbidi
1470 2583 1581 2613 maris.

877 2629 923 2659 Ee
940 2631 973 2665 —}-
991 2636 1144 2666 cursumq
1156 2636 1201 2658 ue
1225 2628 1271 2658 illi
1294 2628 1543 2667 violentiamque.

922 2680 955 2714 9.
984 2683 1206 2723 G(mm)-==
1228 2684 1387 2722 Quantum
1426 2684 1582 2715 circuit

879 2730 980 2806 Niltus.
1029 2727 1058 2760 G
1081 2742 1125 2757 ι-
1149 2730 1178 2761 ts
1202 2737 1382 2761 aneroso
1418 2731 1445 2761 et
1468 2729 1583 2761 sitienti

880 2783 915 2806 so
929 2784 956 2806 ο.
