1812 3184
267 201 350 245 586
722 200 764 239 L.
796 199 991 240 ANNAEI
1022 200 1250 246 SENECAE

263 319 376 368 patra
398 326 474 354 non
495 311 762 363 adscendisse,
793 311 943 353 decimo
964 312 1075 367 regni
1094 326 1197 355 anno
1217 320 1257 355 ct
1273 313 1493 366 undecimo,
1522 319 1694 363 constat.

265 379 526 436 significatam
549 379 658 421 aiunt
679 378 827 420 duobus
848 387 977 420 rerum
1002 379 1536 435 potientibusdefectionemz
1566 379 1695 423 Anto·

264 448 317 489 nii
332 447 442 488 >enim
465 453 505 488 et
522 444 755 501 Cleopatrae
777 446 920 487 defecit
937 446 1173 502 imperium.v
1214 445 1294 489 Per
1314 457 1454 489 nouem
1473 460 1598 490 auitos
1614 461 1694 490 nou

263 514 513 556 adscendisse
541 512 672 554 Nilum
706 513 970 567 superioribus
1000 514 1142 555 seculis
1166 511 1426 556 Callimachus
1451 522 1515 556 est.
1540 521 1692 557 auctor.

218 586 248 613 ¹6
267 579 346 623 Sed
386 595 487 622 nunc
528 581 576 622 ad
613 579 874 634 inspiciendas
904 594 1045 622 causas
1086 588 1245 636 propter
1278 595 1374 637 quas
1406 588 1556 623 aestate
1571 580 1701 625 >Nilus

265 654 416 689 crescat
445 647 628 688 accedam
650 653 690 687 et
713 646 760 687 ab
785 646 1064 702 antiquissimis
1092 647 1288 703 incipiam.
1336 647 1613 704 'Anaxagoras
1641 647 1696 689 eit

264 729 319 757 ea:
334 714 592 769 Aethiopiae
611 715 721 768 z‘uyz's
739 714 904 756 solutas
920 715 1040 756 niues
1057 715 1117 756 ad
1131 715 1279 756 Nilum
1296 728 1429 770 usque
1445 714 1694 758 decurrere.

264 780 310 823 In
340 782 475 823 eadem
505 781 688 837 opinione
721 780 847 822 omnis
877 787 1052 822 uetustas
1081 781 1166 822 fuit.
1227 782 1300 823 hoc
1332 781 1580 837 Aeschylus,
1619 779 1695 824 So·

217 864 247 890 ιτ
266 849 446 904 phocles‚
486 847 694 903 Euripides
727 848 896 889 tradunt.
967 846 1047 889 Sed
1081 848 1219 889 falsum
1251 862 1340 890 esse
1377 848 1550 904 pluribus
1579 862 1696 903 argu-

261 916 402 957 mentis
434 922 552 970 patet.
620 914 754 956 Primo
785 905 1031 969 Aethiopiam
1075 915 1402 956 feruentissimam
1433 926 1522 956 esse
1549 915 1696 956 indicat

262 982 457 1022 homiuum
484 982 593 1022 color
617 982 776 1022 adustus
802 988 842 1021 et
862 979 1130 1035 Troglodytae
1155 981 1292 1035 quibus
1317 981 1599 1022 subterraneae
1627 981 1697 1022 do-

263 1061 347 1088 mus
369 1054 473 1088 sunt.
534 1046 646 1088 Saxa
667 1047 773 1088 uelut
792 1047 871 1101 igni
891 1048 1140 1098 feruescunt‚
1174 1061 1251 1088 nou
1273 1053 1421 1088 tantum
1443 1047 1595 1100 medio,
1627 1047 1697 1090 sed

261 1114 445 1155 inclinato
468 1127 620 1168 quoque
640 1113 718 1154 die.
768 1113 911 1154 ardens
933 1113 1058 1168 puluis
1083 1127 1156 1155 nee
1176 1114 1332 1155 humani
1352 1114 1507 1170 uestigii
1527 1115 1693 1170 patiens.

263 1188 464 1236 argentum
486 1180 765 1236 replumbatur.
810 1180 1010 1234 signorum
1037 1188 1267 1236 coagmenta
1288 1181 1507 1223 soluuntur.
1551 1181 1697 1223 nullum

214 1259 245 1286 18
264 1249 449 1289 materiae
483 1247 814 1303 superadornatac
846 1254 979 1287 manet
1010 1248 1307 1303 operimentum.
1367 1247 1516 1290 Auster
1544 1249 1707 1304 quoque·

263 1316 326 1370 qui
347 1329 400 1356 cx
423 1315 488 1356 illo
512 1321 638 1356 tractu
665 1314 774 1355 uenit
796 1309 938 1355 uentus
962 1314 1219 1356 calidissimus
1242 1322 1317 1356 est.
1378 1315 1523 1356 nullum
1553 1328 1606 1357 ex
1635 1315 1694 1356 his

263 1382 493 1424 animalibus
516 1394 615 1436 quae
637 1381 760 1421 latent
778 1380 915 1421 bruma
941 1395 1118 1435 umquam
1140 1381 1365 1422 reconditur
1389 1389 1430 1423 et
1451 1395 1522 1437 per
1545 1381 1693 1424 hiemes

261 1449 300 1490 iu
332 1463 482 1490 summo
514 1455 553 1488 et
575 1454 709 1501 aperto
739 1460 902 1502 serpens
926 1453 1001 1488 est.
1062 1447 1306 1489 Alexandria
1335 1461 1487 1502 quoque
1509 1448 1626 1503 longe
1646 1448 1694 1489 ab

260 1515 463 1557 inmodicis
495 1514 689 1555 caloribus
722 1515 849 1568 posita
883 1521 966 1555 est:
1014 1515 1124 1555 uiues
1162 1529 1241 1555 non
1275 1515 1432 1555 cadunt.
1491 1515 1702 1570 superiora

262 1583 390 1638 pluuia
413 1588 561 1623 carent.
625 1578 956 1633 Quemadmodum
984 1594 1084 1635 ergo·
1097 1581 1206 1636 regio
1229 1581 1345 1622 tantis
1369 1580 1543 1623 subiecta
1566 1582 1695 1624 feruo-

261 1663 283 1693 d
293 1671 308 1693 e
317 1663 480 1698 scendisse.
528 1659 623 1691 Grut.
636 1657 676 1690 ci.
687 1672 733 1686 =--
743 1669 805 1691 non
828 1668 843 1690 e
853 1668 868 1690 s
879 1669 894 1691 c
905 1668 958 1690 en-

263 1708 354 1738 disse.
387 1704 454 1736 Sed
470 1704 531 1736 EG
544 1704 634 1735 Fert.
651 1704 708 1735 Gr.
725 1715 775 1735 ω.
812 1704 957 1744 G(moe)

262 1766 307 1778 =
330 1751 474 1791 significa
484 1751 541 1781 tiv
551 1758 572 1780 a
606 1758 627 1780 a
638 1752 705 1780 ute
714 1758 746 1780 m
768 1750 888 1780 duobus
909 1758 960 1780 re-

262 1806 334 1828 rum
354 1795 551 1835 potientibus.

307 1843 343 1872 et
369 1841 550 1878 Cleopatrae
565 1838 675 1878 defecit
686 1852 730 1865 =
742 1838 799 1869 Ee.
870 1837 901 1869 G
913 1851 959 1866 ==

265 1887 446 1924 Cleopatrae
455 1893 474 1922 q
485 1893 506 1914 u
515 1893 530 1915 e
563 1883 670 1922 defecit
679 1893 697 1923 q
706 1893 727 1914 u
738 1892 762 1914 e.
810 1883 843 1917 258
855 1904 866 1917 .
880 1905 891 1918 .
904 1905 915 1918 .
925 1883 959 1918 ,ff

263 1945 306 1957 =
321 1931 502 1967 Cleopatrae
511 1938 529 1967 q
540 1938 561 1959 u
572 1937 586 1958 e
611 1928 729 1967 defecit.

311 1970 362 2004 16.
399 1972 427 2003 G
439 1986 484 1999 =
497 1973 560 2004 Sed
581 1982 662 2003 nunc
686 1973 729 2003 ad
752 1973 864 2011 incip
876 1973 955 2004 ien-

262 2020 322 2050 das
345 2026 468 2049 causas.
513 2017 562 2048 sG
581 2030 627 2043 =
648 2020 674 2047 et
702 2018 742 2047 ab
777 2018 956 2056 antiquissi-

261 2072 294 2093 m
303 2072 331 2093 ο.
378 2061 471 2091 Fort.
483 2075 529 2087 =
543 2062 642 2093 omnis
664 2064 759 2092 vetus
770 2064 810 2092 ta
834 2070 854 2091 a
866 2070 880 2091 e
890 2065 900 2092 t
911 2070 956 2092 as

261 2108 330 2147 fuit.
376 2105 437 2136 EG
452 2105 508 2135 Gr.
521 2106 553 2138 ὓ
571 2116 604 2133 ω
614 2127 621 2134 .
669 2104 698 2133 G
708 2119 751 2131 =
766 2106 956 2136 Aeschinus

262 2151 436 2190 Sophodes
459 2150 557 2187 Eurip
568 2158 582 2179 e
593 2149 646 2179 des
674 2148 753 2188 [hoc
773 2159 787 2178 s
803 2148 856 2189 ω]
891 2152 957 2179 tra-

261 2197 306 2227 de
316 2196 333 2225 b
343 2204 363 2226 a
373 2205 394 2226 n
404 2197 425 2224 t.
470 2193 496 2223 E
508 2207 553 2219 =
564 2193 724 2231 Eripides.
774 2191 845 2222 Col.
870 2193 903 2226 ,ΑΒ
915 2214 952 2226 Μ

262 2241 295 2273 (55
313 2254 358 2266 =
374 2238 539 2277 Euripides
562 2241 612 2268 tra
621 2237 642 2267 d
654 2246 668 2267 e
679 2239 696 2267 b
706 2246 726 2268 a
736 2240 776 2268 nt
802 2236 952 2278 (Fortun.

263 2283 300 2315 ci.
314 2285 411 2318 ιιιᾶζ).
422 2297 467 2309 =
480 2292 528 2313 cre
537 2283 559 2313 d
568 2291 582 2312 e
594 2283 611 2312 b
622 2290 641 2311 a
653 2292 673 2312 n
683 2281 718 2322 t).
764 2278 821 2312 P4.
833 2295 878 2308 =
889 2284 955 2313 tra-

262 2330 396 2360 debat.
443 2324 662 2358 Fort.P3.=
675 2327 921 2358 tractabant.

310 2371 361 2405 17.
384 2374 456 2413 plu
467 2373 500 2403 ri
511 2373 558 2402 bu
569 2380 583 2403 s
606 2372 797 2411 aryumentis
813 2373 897 2410 patet
909 2385 955 2397 =

262 2419 319 2450 Ee.
396 2417 460 2451 Giss
475 2438 484 2450 ι
501 2439 510 2451 .
526 2438 536 2450 .
550 2416 582 2450 R
592 2430 638 2442 =
652 2417 844 2455 argumentis
864 2411 930 2455 plu
942 2432 955 2438 -

261 2473 278 2495 r
287 2474 297 2494 ι
307 2473 356 2495 mi
368 2472 393 2494 s.

307 2509 389 2539 color
412 2507 543 2538 adustus
553 2520 599 2533 =
612 2506 669 2536 Ee.
741 2505 804 2539 (323
818 2527 854 2538 ...
867 2505 900 2539 R
911 2518 957 2532 =

263 2553 393 2584 adustus
417 2553 510 2582 color.
558 2551 618 2582 EG
640 2565 685 2577 =
707 2553 733 2581 et
757 2553 850 2589 trag]
860 2560 877 2581 o
887 2550 930 2580 di
943 2567 956 2572 -

263 2601 341 2628 tae.
375 2598 407 2630 23
421 2600 503 2627 =et
526 2596 783 2635 trayotidae.
816 2593 955 2628 Gffiffl.

261 2656 305 2668 =
316 2643 397 2672 velut
417 2643 448 2681 ις
460 2651 480 2672 n
491 2651 505 2672 e
529 2642 708 2681 fervescunt.
756 2639 900 2679 (ἕρπω)
912 2653 956 2665 =

262 2687 420 2724 siqnorum
436 2695 456 2716 a
465 2694 482 2716 r
492 2696 511 2725 9
522 2695 542 2716 u
553 2687 664 2716 menta
679 2686 850 2715 solvuntur.
866 2683 955 2714 Fort.

265 2729 321 2760 1³3.
333 2744 376 2755 =
390 2732 536 2761 materiae
551 2729 687 2768 superad
697 2738 714 2759 o
724 2738 741 2760 r
751 2738 769 2759 a
782 2731 842 2759 tae.
875 2727 956 2759 For-

266 2780 332 2804 tun.
358 2772 395 2804 ci.
418 2787 463 2799 =
485 2783 579 2805 sevo
611 2772 662 2804 vel
687 2782 781 2812 sepo
804 2774 956 2805 adorna-

266 2822 325 2850 lae.
372 2818 431 2849 EG
444 2815 500 2849 1³4.
516 2817 585 2849 Col.
601 2819 632 2852 ἓξ
651 2830 700 2849 ω.

1051 1657 1104 1692 18.
1134 1663 1269 1692 ventus
1290 1660 1498 1692 calidissimus
1520 1663 1564 1692 est
1582 1675 1628 1689 =
1649 1661 1696 1692 Ee

1006 1704 1141 1736 GFOI't.
1165 1701 1223 1737 1³4-
1247 1703 1502 1740 GOLssoero
1571 1704 1695 1738 Ρ3.--·

1003 1752 1119 1781 ventus.
1143 1748 1265 1792 probat
1275 1749 1370 1780 Grut.
1405 1749 1472 1780 mG
1483 1750 1586 1792 Bong.
1599 1750 1644 1785 Μ
1657 1773 1693 1785 ι..

1004 1794 1037 1829 ,ff
1048 1809 1093 1821 =
1105 1797 1202 1826 vento
1211 1804 1229 1826 r
1237 1804 1258 1826 u
1267 1803 1299 1825 m
1320 1794 1531 1827 calidissimas
1551 1797 1606 1827 est.

1049 1864 1086 1892 et
1105 1870 1161 1900 per
1180 1860 1430 1892 hiemes=Ee.
1498 1852 1694 1896 vGffl=et·

1003 1908 1087 1937 iam
1108 1914 1164 1944 per
1187 1906 1308 1937 hiemes.
1334 1904 1693 1941 OEl....R=Etiam

998 1960 1054 1990 per
1077 1951 1232 1981 hiemem.

1045 2017 1239 2049 Alexandria
1260 2026 1379 2058 quoque
1403 2019 1492 2057 lonye
1522 2020 1562 2049 ab
1590 2019 1694 2050 ‘inmo—

1001 2063 1079 2093 dicis
1113 2062 1268 2093 caloribus
1293 2064 1397 2102 posita
1421 2065 1486 2094 est.-
1517 2065 1604 2095 nives
1632 2073 1696 2095 non

1001 2108 1126 2137 cadunt.
1149 2108 1311 2146 superiora
1330 2108 1440 2146 pluvia
1464 2111 1568 2139 carent
1587 2122 1633 2135 =
1650 2109 1695 2139 Ee

1003 2150 1043 2180 G.
1085 2181 1090 2185 ,
1113 2149 1163 2180 sG
1177 2154 1212 2188 —t-
1228 2160 1308 2182 non
1335 2153 1423 2190 lonae
1447 2153 1487 2182 ab
1510 2153 1692 2184 immodicis.

1001 2193 1100 2228 QSOEI.
1124 2197 1159 2230 —l-
1185 2195 1378 2225 Alexandria
1400 2204 1517 2234 quoque
1541 2198 1630 2235 lonye
1652 2198 1694 2227 ab

999 2239 1242 2269 huiusmodi
1265 2239 1440 2270 immodicis
1463 2241 1616 2271 caloribus
1637 2249 1693 2279 po-

999 2283 1061 2314 sita
1086 2285 1129 2313 est
1154 2282 1286 2324 (Qil.=
1302 2285 1345 2313 est
1365 2282 1482 2324 posita)
1508 2295 1558 2314 ω.
1604 2283 1691 2315 For—

999 2333 1069 2358 tun.
1091 2325 1129 2358 ci.
1155 2326 1241 2361 &20
1254 2349 1265 2361 0
1279 2326 1372 2361 0:⁵82.
1393 2341 1439 2354 =
1460 2329 1694 2361 Alexandriae

999 2380 1128 2411 quoque,
1151 2380 1255 2411 quae
1278 2373 1365 2411 longe
1388 2373 1428 2403 ab
1449 2373 1694 2405 huiusmodi

1000 2417 1175 2447 immodicis
1205 2417 1360 2448 caloribus
1391 2419 1433 2448 est
1453 2418 1578 2457 posita,
1609 2419 1696 2449 nives

1000 2471 1062 2492 non
1085 2461 1221 2492 cadunt:
1252 2462 1416 2500 superiora
1437 2462 1563 2493 etiam
1582 2463 1694 2502 pluvia

1001 2508 1114 2537 carent.
1147 2505 1465 2539 ffl11=Alexandria
1491 2515 1609 2546 quoque
1628 2507 1695 2538 lon-

1000 2559 1037 2590 9e
1060 2551 1100 2581 ab
1134 2551 1382 2583 huiusmodi
1413 2552 1587 2583 immodicis
1610 2553 1694 2583 calo-

1001 2597 1086 2626 ribus
1100 2597 1143 2626 est
1151 2597 1256 2635 posita
1273 2606 1322 2626 ω.
1346 2595 1380 2629 a
1391 2609 1436 2622 =
1446 2597 1695 2628 Alexandriae·

1001 2649 1095 2679 que,
1130 2648 1237 2678 quae
1258 2642 1346 2680 longe
1368 2641 1409 2671 ab
1438 2641 1694 2673 huiusmodi-tm·

1002 2685 1132 2715 modicis
1146 2686 1300 2716 caloribus
1322 2687 1365 2716 est
1381 2687 1484 2724 posita
1500 2697 1549 2716 ω.
1583 2684 1691 2723 Etiam

1004 2727 1061 2758 Gr.
1074 2742 1119 2754 =
1131 2730 1338 2761 Alexandria
1358 2731 1446 2769 lonye
1470 2735 1503 2761 et
1531 2730 1692 2769 superiora

999 2774 1110 2812 pluvia
1143 2776 1257 2805 carent.
1303 2773 1395 2806 Fort.
1415 2787 1462 2803 =
1484 2774 1693 2814 Quomodo

1004 2826 1075 2857 eryo
1098 2819 1192 2858 reyto.
