1812 3184
496 188 679 229 NATUR.
707 187 921 239 «QUAEST.
954 188 1046 230 L1134
1068 189 1139 237 Vl,
1171 194 1238 230 24.
1503 183 1590 241 669

141 310 186 346 et
206 301 342 360 patulo
371 301 575 344 interioris
606 301 728 359 partis
758 315 922 344 recessu
953 301 1221 344 conmoratur'.
1284 297 1391 342 Idem
1415 300 1463 341 de
1483 305 1591 340 terra

140 370 335 428 suspicari
359 370 453 413 licet
473 370 539 413 uel
560 385 614 412 ex
633 370 706 412 hoc
719 402 732 423 ‚
773 370 874 426 quod
898 378 1028 412 motus
1051 384 1130 412 non
1149 369 1191 411 in
1211 381 1362 411 summa
1386 375 1492 409 terra
1513 367 1590 408 cir-

140 452 238 494 caue
261 452 454 482 summam
477 446 555 492 est,
588 439 657 482 sed
683 439 820 481 subter
843 445 884 481 et
903 438 952 480 ab
979 438 1083 480 imo:
1118 437 1231 480 huius
1253 435 1454 489 indicium,
1488 436 1591 491 quod

139 506 355 555 altitudinis
385 507 604 564 profundae
632 507 757 549 maria
788 507 1009 559 iactantur,
1057 506 1173 548 motis
1201 505 1354 547 scilicet
1381 503 1442 545 his
1472 516 1590 559 supra

141 589 243 632 qnae
272 576 359 617 fusa
388 582 495 617 sunt.
563 574 680 631 ,Ergo
711 575 928 617 uerisimile
963 581 1025 616 est
1058 581 1203 616 terram
1236 587 1291 623 ex
1323 572 1402 614 alto
1438 570 1590 613 moueri
1609 586 1626 612 ³

140 650 183 686 et
203 643 285 695 illic
308 643 486 699 spiritum
510 643 550 684 in
576 643 760 685 cauernis
782 642 1007 698 ingentibus
1030 641 1199 698 concipi.
1259 639 1410 692 Immo,
1442 638 1590 694 inquis,

141 724 216 753 ceu
235 725 323 758 enm
345 711 493 766 frigore
517 710 808 762 inhorruimus,
851 718 1000 752 tremor
1021 710 1223 765 sequitur,
1265 710 1323 751 sic
1347 716 1474 750 terras
1497 721 1593 762 quo-

140 791 217 834 que
230 778 397 835 *spiritus
415 778 668 819 extrinsecus
689 778 872 819 accidens
893 785 1070 833 quassat.
1122 776 1237 831 Quod
1258 777 1364 819 nullo
1386 776 1502 818 modo
1523 789 1594 831 po-

140 851 220 888 test
241 844 351 887 lieri=
379 844 532 900 algere
564 844 671 886 enim
700 845 838 898 debet,
880 852 924 887 ut
951 845 1055 886 idem
1085 845 1139 886 illi
1172 845 1324 886 accidat
1349 844 1452 899 quod
1477 843 1592 885 nobis

88 930 90 935 ·
142 926 241 971 quos
271 919 440 955 externa
473 926 592 954 causa
621 913 663 954 in
694 912 899 955 horrorem
928 912 1025 968 agit.
1086 911 1283 954 Accidere
1308 919 1437 953 autem
1463 918 1593 953 terrae
1610 922 1628 949 4

141 980 271 1022 simile
293 980 474 1036 quiddam
495 987 655 1022 nostrae
678 980 907 1033 adfectioni‚
940 980 1009 1022 sed
1036 994 1115 1022 non
1141 994 1195 1022 ex
1218 980 1333 1022 simili
1357 993 1476 1021 causa
1501 993 1596 1021 cou-

143 1038 349 1091 cesserim.
409 1045 523 1090 Illam
545 1048 715 1090 interior
734 1055 774 1090 et
794 1048 912 1090 altior
930 1048 1074 1089 iniuria
1098 1048 1214 1089 debet
1237 1048 1451 1103 inpellere:
1486 1047 1598 1089 cuius

142 1116 204 1159 rei
227 1122 501 1173 argumentum
522 1116 588 1158 uel
609 1116 823 1158 maximum
848 1116 922 1158 hoc
948 1122 1079 1172 potest
1103 1129 1208 1167 esse,
1241 1116 1344 1171 quod
1365 1130 1452 1157 cum
1476 1115 1599 1157 uehe-'

142 1183 268 1226 menti
294 1190 407 1226 motu
434 1184 664 1239 adapertum
691 1184 841 1240 ingenti
865 1184 979 1226 ruina
1003 1184 1128 1226 solum
1151 1190 1236 1236 est,
1281 1190 1383 1225 totas
1403 1198 1598 1225 nonnum-

144 1265 259 1307 quam
281 1251 402 1294 urbes
425 1259 467 1293 et
485 1251 627 1308 recipit
653 1251 780 1294 hiatus
812 1253 877 1294 ille
911 1259 950 1294 et
983 1251 1203 1293 abscondit.
1266 1251 1520 1308 Thucydides
1541 1251 1597 1293 ait
1613 1259 1631 1288 5

146 1319 254 1361 circa
275 1317 605 1375 Peloponnesiaci
635 1319 727 1360 belli
755 1327 908 1376 tempus
937 1318 1151 1362 Atalanten
1178 1320 1348 1361 insulam
1377 1326 1447 1361 aut
1474 1325 1596 1360 totam

145 1393 214 1429 aut
232 1393 342 1428 certe
365 1387 536 1428 maxima
569 1400 623 1429 ex
654 1393 765 1443 parte
795 1401 1062 1444 suppressam.
1123 1386 1232 1428 Idem
1256 1385 1406 1429 Sidone
1431 1386 1598 1428 accidis-

145 1468 192 1497 se
229 1450 456 1506 Posidonio⁴
481 1455 615 1497 crede.
686 1453 777 1497 Nec
810 1455 860 1497 ad
891 1455 965 1497 hoc
1000 1455 1165 1497 testibus
1195 1469 1294 1511 opus
1330 1461 1414 1497 estz
1459 1454 1598 1496 memi-

149 1578 165 1600 s
175 1577 196 1600 u
205 1575 275 1600 sve.
323 1567 355 1599 G
366 1568 462 1609 (sm)
472 1582 518 1596 =
539 1572 710 1601 commorat
719 1579 741 1601 u
751 1579 776 1602 s.
824 1571 849 1602 B
895 1573 978 1602 strae
1002 1571 1166 1611 affectioni
1177 1580 1201 1602 s.
1251 1570 1275 1601 Β
1288 1583 1334 1598 =
1348 1571 1397 1602 vel
1419 1570 1598 1602 maximum

151 1614 282 1655 (cnm)
295 1626 340 1641 =
356 1614 396 1645 de
417 1617 503 1646 terra
523 1616 713 1654 suspirari.
892 1619 991 1655 polest
1013 1625 1076 1647 esse
1097 1616 1154 1647 hoc
1176 1616 1260 1655 quod
1281 1625 1352 1648 cum
1373 1616 1490 1655 inqenli
1512 1618 1599 1646 motu

194 1661 230 1691 in
249 1667 385 1700 summa
405 1661 506 1691 terra
534 1660 655 1692 circaue
676 1669 779 1692 summ
790 1669 852 1692 am
894 1662 1063 1692 vehementi
1087 1663 1123 1691 et
1144 1661 1333 1700 adapertum
1357 1661 1452 1692 ruina
1469 1671 1502 1689 ω
1518 1670 1597 1701 ποη-

153 1702 412 1737 est=Wirceb.
434 1702 558 1747 probat
576 1703 663 1738 Lud.
683 1706 790 1736 Ianus.
826 1706 850 1736 B
895 1715 1069 1745 numquam
1100 1706 1213 1737 nubes
1245 1708 1274 1737 et
1301 1706 1411 1745 recipit
1442 1706 1548 1737 hiatus
1569 1707 1598 1737 ei

150 1749 201 1782 Ee
222 1747 336 1781 Bamb.
355 1763 404 1778 =
422 1750 456 1781 in
477 1758 604 1781 summa
626 1753 709 1781 terra
730 1751 852 1782 circave
895 1752 947 1782 ille
970 1751 1142 1781 abscondit.

150 1803 286 1827 summa
307 1798 362 1827 est.
409 1793 440 1825 G
460 1808 506 1822 =
527 1796 562 1827 in
583 1804 709 1826 summa
734 1798 852 1827 terrae
945 1794 977 1826 5.
1005 1795 1082 1826 B=
1096 1795 1296 1827 huhidides
1319 1797 1374 1827 ait.
1421 1795 1448 1826 E
1460 1809 1506 1823 =
1519 1797 1597 1827 Tu-

153 1839 185 1882 [s
203 1839 302 1881 terra]
337 1849 519 1872 cavei-ne
543 1839 573 1883 [s
596 1839 733 1883 circaue]
765 1850 852 1872 sum-
899 1841 1067 1872 chitides
1086 1842 1141 1871 ait.
1176 1839 1206 1871 G
1219 1855 1263 1870 =
1277 1841 1519 1873 Thuchidides
1540 1843 1596 1873 ait.

152 1893 186 1916 m
195 1893 218 1916 a
239 1887 295 1917 est.
338 1882 398 1917 P3.
409 1899 456 1912 =
469 1886 502 1917 in
523 1894 626 1917 summ
635 1894 653 1916 ο
675 1888 771 1917 terra.
795 1883 851 1917 P4.
899 1886 953 1917 BE
966 1900 1011 1913 =
1023 1887 1137 1925 Pelope
1147 1896 1167 1917 n
1177 1895 1220 1917 en
1229 1887 1315 1917 siaci
1338 1887 1418 1918 belli.

151 1943 199 1958 ==
208 1930 317 1962 nonin
339 1939 466 1963 summa
487 1939 503 1962 e
512 1933 548 1962 st
570 1933 655 1962 terra
675 1941 697 1962 n
708 1939 723 1962 e
732 1940 748 1962 c
767 1940 853 1962 sum·
944 1933 1096 1963 Atalante
1105 1941 1126 1962 η
1147 1932 1286 1963 insulam
1299 1945 1346 1958 =
1359 1930 1398 1963 ci.
1413 1930 1550 1963 Fortun.

151 1984 216 2008 ma
237 1977 293 2007 est.
340 1975 373 2010 Β
383 1998 423 2011 ...
433 1976 467 2010 (53
478 1989 525 2003 =
534 1975 568 2007 in
591 1985 716 2007 summa
738 1978 827 2007 terra
837 1985 853 2007 e
900 1976 1008 2008 BEeG
1020 1990 1064 2003 =
1078 1979 1102 2007 A
1113 1976 1152 2007 th
1161 1978 1273 2008 alance
1282 1986 1314 2008 m
1333 1978 1480 2008 insulam.
1503 1975 1595 2009 Pinc-

153 2022 277 2053 civ-cave
306 2030 438 2053 summa
470 2023 524 2052 est.
571 2019 616 2054 ⁵231
628 2043 639 2055 .
655 2043 665 2055 .
678 2043 687 2054 .
702 2019 736 2055 „ff
753 2035 799 2049 =
820 2022 854 2053 in
899 2032 930 2053 v.
946 2021 968 2053 l.
997 2020 1068 2053 Col.
1081 2035 1126 2048 =
1139 2022 1330 2054 molantem
1352 2023 1502 2054 insulam.
1547 2022 1599 2054 sG

154 2074 258 2097 summ
266 2074 284 2097 ο
326 2068 390 2097 terr
399 2075 419 2097 a
430 2075 446 2098 e
480 2067 603 2098 circaue
633 2075 736 2097 summ
747 2075 769 2097 a
801 2069 854 2098 est.
899 2081 946 2094 =
956 2068 979 2099 Α
991 2068 1030 2098 th
1040 2076 1061 2098 a
1071 2077 1092 2098 n
1101 2069 1112 2097 t
1122 2075 1137 2097 e
1147 2075 1177 2097 m
1202 2068 1350 2099 insulam.
1384 2066 1478 2098 Fort.
1491 2065 1550 2099 1²3.
1562 2064 1598 2100 4.

154 2108 251 2142 Anic-
273 2108 375 2142 Trist.
395 2109 497 2143 Verd.
518 2125 565 2139 =
585 2112 619 2143 in
640 2120 771 2143 summo
793 2112 854 2143 cir·
899 2126 946 2140 =
960 2114 1176 2143 Atlantem
1199 2113 1347 2144 insulam.
1393 2113 1485 2147 93=
1498 2114 1521 2145 A
1535 2114 1599 2145 th-

155 2163 232 2188 cave
253 2162 387 2187 summa
410 2159 464 2188 est.
899 2159 943 2189 ῑᾱ
953 2161 964 2189 ι
974 2158 993 2189 ἔ
1015 2157 1164 2188 insulam.
1212 2156 1276 2191 (51.
1292 2179 1302 2190 .
1316 2181 1327 2193 .
1339 2180 1349 2192 .
1362 2157 1397 2192 R
1408 2171 1455 2185 =
1467 2159 1600 2190 Atalan-

199 2201 293 2232 huius
321 2201 474 2233 indicium
482 2225 493 2241 ‚
523 2202 606 2242 quod
627 2216 672 2229 =
689 2201 747 2233 Ee.
818 2201 852 2235 -58
898 2205 980 2234 tam
1001 2202 1150 2233 insulam.

154 2245 231 2277 ==h
241 2254 286 2282 oc
307 2245 461 2278 indicium
482 2255 498 2278 e
507 2248 554 2286 st,
576 2247 669 2286 quod.
716 2245 776 2278 BG
789 2244 852 2281 (31.
944 2248 1090 2279 maxima
1119 2255 1159 2277 ex
1190 2249 1281 2286 parte
1321 2256 1362 2279 su
1372 2257 1394 2287 p
1404 2258 1426 2288 p
1439 2258 1455 2280 r
1465 2258 1479 2280 e
1489 2258 1505 2280 s
1514 2258 1559 2280 sa
1568 2258 1601 2281 m

155 2312 195 2327 ..ο
206 2290 240 2326 ,ff
256 2293 292 2329 -Ι-
305 2291 410 2323 Huius
427 2292 580 2323 indicium
602 2301 617 2323 e
627 2301 642 2323 s
651 2294 673 2332 t,
695 2293 788 2332 quod.
823 2290 854 2322 G
899 2307 946 2320 ==
957 2292 1038 2323 EeG
1058 2291 1149 2322 Fort.
1173 2290 1263 2324 Pinc.
1286 2303 1317 2323 v.
1339 2291 1362 2323 1.
1387 2292 1447 2324 -Ρὸ,
1469 2293 1541 2325 Col.
1565 2295 1599 2328 Q

156 2337 286 2378 (cnm)
299 2349 345 2363 =
357 2337 535 2368 alliludim's
552 2337 691 2376 prosund
700 2346 721 2367 u
730 2346 772 2368 m.
820 2337 854 2371 ἓξ
900 2339 958 2373 §Ru
970 2337 1002 2371 ,ςῖ
1026 2336 1070 2378 (Ο
1081 2346 1160 2378 p.m.
1172 2350 1218 2362 =
1230 2338 1352 2367 maxim
1362 2347 1383 2368 a
1391 2338 1448 2379 m).
1522 2339 1546 2369 B
1555 2353 1600 2366 ==

157 2395 204 2408 =
214 2381 392 2412 altitudinis
410 2382 581 2420 profunda
603 2382 718 2412 maria.
767 2382 791 2412 Β
810 2395 856 2408 =
900 2392 939 2414 ex
961 2382 1106 2412 maxima
1134 2384 1225 2419 parte
1257 2391 1331 2421 sup
1341 2391 1380 2413 er
1390 2383 1408 2422 f
1415 2393 1435 2414 u
1445 2392 1532 2414 sam
1566 2387 1602 2416 et

156 2427 205 2458 his
226 2434 336 2465 super
357 2434 438 2465 quae
459 2428 541 2457 sunt.
586 2426 618 2457 G
637 2439 684 2452 ·--
706 2426 754 2457 his
776 2434 857 2466 quae
900 2435 1110 2466 suppressam.
1158 2422 1215 2456 P4.
1241 2425 1302 2460 (ξι.
1316 2449 1326 2459 .
1339 2449 1348 2460 .
1363 2426 1510 2462 ..⁵82.=
1531 2438 1601 2460 ma-

156 2479 256 2512 eupra
276 2470 351 2511 susa
372 2473 454 2501 sunt.
902 2473 991 2503 xima
1015 2480 1054 2503 ex
1074 2473 1166 2510 parte
1185 2479 1260 2511 sup
1272 2480 1313 2503 er
1320 2472 1338 2512 t·
1344 2481 1471 2505 usam.
1518 2484 1601 2518 pro-

202 2514 237 2548 3.
264 2515 288 2546 Β
300 2524 401 2547 =ex
423 2516 566 2546 cavernis
584 2516 769 2556 ingentibus.
901 2516 962 2548 bat
987 2515 1122 2547 Fortun.

204 2561 304 2594 Immo
314 2583 324 2600 ,
344 2561 399 2600 inq
409 2569 430 2591 u
441 2561 452 2591 i
462 2569 478 2591 s
487 2560 596 2591 =Ee.
666 2559 761 2595 BGQ
775 2583 813 2595 ..0
825 2560 858 2595 St*
947 2562 1034 2594 Idem
1050 2562 1108 2593 sid
1119 2570 1136 2592 ο
1145 2571 1165 2593 n
1176 2569 1191 2591 e
1214 2563 1365 2594 accidisse
1376 2577 1420 2590 =
1433 2563 1479 2595 Ee
1500 2564 1603 2608 Bong.

159 2619 207 2634 =
226 2607 344 2645 Immo,
375 2606 511 2645 inquit.
560 2605 766 2646 G(s.m.)=
778 2607 860 2638 celi
903 2606 996 2638 Fort.
1069 2604 1127 2638 1³3.
1147 2620 1193 2633 =
1214 2607 1300 2638 Idem
1324 2608 1497 2647 syndone
1520 2612 1605 2643 acci-

160 2660 232 2683 cum
254 2651 379 2691 friyore.
428 2650 509 2680 B=
526 2653 640 2683 tremor
660 2652 701 2683 in
711 2652 858 2691 sequitur.
903 2653 995 2684 disse.
1043 2651 1068 2682 B
1083 2650 1171 2682 Pinc.
1187 2650 1216 2682 ci
1251 2652 1277 2686 Q
1289 2675 1328 2687 .,,
1340 2653 1374 2687 ,ςΐ
1385 2668 1431 2681 =
1443 2655 1529 2686 [dem
1553 2656 1605 2688 Si-

205 2692 238 2727 4.
274 2695 299 2726 B
310 2709 356 2722 =
366 2696 521 2735 quiddam
542 2697 653 2728 simile.
698 2695 748 2728 sG
757 2710 804 2724 =
816 2697 859 2728 si·
904 2697 945 2729 do
953 2698 995 2728 ni
1026 2697 1186 2729 accidisse.
1232 2696 1355 2739 probat
1385 2699 1488 2730 Gron.
1513 2700 1603 2743 (ms).

161 2741 234 2772 nuile
254 2741 459 2780 quoddam.
907 2741 1103 2774 G=1dem
1126 2742 1315 2780 Sydonie
1337 2745 1500 2777 accidisse.
1542 2743 1602 2778 P4.

206 2788 331 2818 nostrae
351 2786 537 2825 adfectioni
556 2799 600 2814 ==
623 2785 684 2818 Ee.
766 2786 790 2817 B
813 2800 860 2814 =
907 2785 980 2819 Col.
999 2787 1032 2821 §13
1046 2809 1084 2822 ..0
1100 2786 1163 2821 52.
1176 2801 1221 2814 =
1232 2787 1320 2819 Idem
1342 2789 1494 2822 Sidonia
1504 2799 1520 2822 e
1550 2800 1606 2823 ac-

162 2833 286 2863 nostrae
308 2838 324 2863 e
335 2830 500 2871 ffectioni.
547 2830 579 2863 G
588 2832 622 2867 Β
634 2854 646 2867 .
658 2853 668 2867 .
679 2853 690 2866 .
703 2830 736 2867 «Ε
747 2845 794 2860 =
803 2841 860 2864 no·
904 2832 1026 2865 cidisse.
1075 2831 1107 2864 G
1117 2833 1215 2874 (sm)
1227 2846 1272 2860 =
1281 2834 1342 2866 Nec
1363 2843 1384 2867 a
1394 2835 1416 2867 d
1425 2835 1446 2868 1·
1455 2844 1477 2867 u
1486 2845 1502 2868 c
1525 2838 1607 2869 testi-
