1800 3190
205 215 241 252 X
779 213 1070 253 PRAEFATIO.

294 337 328 368 g.
363 326 409 369 (n.
433 322 548 367 8544.)
572 324 708 357 membr.
732 336 761 356 a.
786 335 818 367 p.
847 323 904 355 Ch.
931 335 963 355 n.
989 321 1088 359 1389.
1113 324 1263 367 scriptus.

294 391 327 424 h.
355 392 402 435 (n.
425 389 541 435 8542.)
566 390 724 430 membr„
756 389 898 434 primum
920 390 1073 431 Thuani,
1107 396 1224 434 postea
1249 390 1416 434 colberti,
1447 403 1514 424 sec.
1536 392 1630 429 xlv.

204 464 261 491 aut
282 457 327 491 in.
349 459 425 492 XV.

318 545 418 588 Cod.
448 562 488 598 α,
520 560 632 600 quem
652 546 943 600 accuratissime
966 545 1150 601 scriptum
1175 546 1267 586 dicit
1289 545 1545 602 Rubkoplius,
1574 554 1632 588 to-

206 632 284 666 tum
315 625 478 666 contulit
505 623 765 676 Bredowius‚
797 624 968 678 reliquos
998 624 1206 664 maximam
1239 630 1401 678 partem.

318 723 443 767 Codd.
465 730 591 767 8501.
612 729 737 765 8544.
763 731 802 765 et
819 730 964 775 8624„
996 738 1074 764 non
1095 723 1299 778 descripti,
1332 723 1532 764 continent
1550 729 1633 764 tan>-

206 810 283 844 tum
311 803 484 858 opusculi
508 802 658 843 initium
688 802 757 855 (ΣΡ).
818 800 883 842 Ex
913 800 1021 842 libris
1042 799 1234 842 Parisinis
1260 807 1337 841 tam
1363 813 1507 855 paucas
1535 799 1634 841 scri-

204 888 336 936 pturas
359 881 518 937 protulit
536 879 776 935 Ruhkopfius
792 911 803 931 ,
835 886 877 920 ut
899 879 945 919 de
964 879 1012 920 iis
1034 878 1215 919 iudicium
1240 878 1370 919 facere
1392 891 1471 919 non
1490 877 1629 919 liceat:
1671 910 1674 911 ν

202 958 335 1000 Ruhk.
368 966 496 1000 autem
528 971 663 999 omnes
694 957 742 998 ad
771 971 887 998 unam
919 955 1101 997 familiam
1130 955 1327 1011 pertinere
1358 963 1508 998 censet.

313 1046 374 1089 Io.
399 1046 593 1089 Schefferi
628 1046 778 1101 (Lectt.
811 1045 1001 1086 Academ.
1026 1044 1169 1085 Hamb.
1202 1051 1241 1086 et
1270 1044 1401 1086 Amst.
1434 1050 1557 1087 1675.
1588 1050 1629 1086 8.

203 1141 240 1181 p.
266 1126 566 1179 279—556.)‚
597 1122 1206 1178 Neuburii(Apocolocynthosis
1235 1129 1312 1163 etc.
1355 1120 1634 1164 Ver-deuncem

200 1217 240 1245 u.
265 1204 344 1244 erl.
364 1203 405 1244 d.
429 1203 477 1244 F.
499 1201 749 1244 GNeubur.
774 1201 924 1254 Leipz.
955 1206 1078 1241 1729.
1111 1200 1174 1252 8.)
1189 1230 1200 1249 ‚
1235 1197 1360 1240 Cortii
1386 1197 1506 1251 (Tres
1526 1195 1631 1240 Sati-

201 1294 270 1322 rae
293 1279 528 1335 Menippeae
550 1294 631 1320 rec.
655 1286 695 1319 et
714 1293 754 1318 n.
779 1291 817 1331 p.
844 1277 899 1318 ill.
925 1275 1037 1331 Lips.
1060 1283 1183 1318 1720.
1206 1290 1242 1331 p.
1262 1281 1281 1316 1
1298 1275 1470 1328 -46.),
1500 1273 1632 1316 Sonu-

202 1358 293 1412 tagii
322 1357 432 1412 (Zur
460 1356 775 1409 Unterlzaltuny
791 1354 871 1409 fiir
896 1354 1099 1395 Freunde
1116 1353 1196 1394 der
1219 1353 1337 1393 alten
1351 1352 1488 1393 Liter.
1515 1351 1634 1407 Riya

206 1443 328 1478 1790.
361 1452 400 1491 p.
426 1443 495 1478 69.
518 1435 625 1489 sqq.)
657 1432 902 1474 coniecturas
929 1431 1078 1473 laudavi
1112 1430 1289 1484 quidem,
1332 1430 1401 1471 sed
1429 1430 1504 1471 fide
1521 1429 1633 1471 Ruh-

202 1514 342 1569 kopffi,
376 1527 539 1569 quocum
565 1512 682 1553 etiam
706 1510 758 1552 G.
782 1509 836 1551 D.
860 1508 1009 1550 Roeler
1028 1508 1173 1563 aliquot
1204 1507 1496 1549 emendationes
1527 1521 1633 1548 com-

202 1592 428 1634 municavit.
1354 1566 1377 1587 :W

313 1680 632 1736 Epigrammata,
676 1692 774 1733 quae
802 1675 980 1719 Senecae
1013 1676 1214 1725 feruntur,
1255 1674 1325 1714 sed
1352 1674 1509 1715 minime
1543 1687 1633 1715 esse

203 1760 410 1810 videntur,
457 1757 568 1798 omisi
604 1770 680 1797 una
716 1769 803 1796 cum
831 1752 1081 1806 Fragmentis
1106 1750 1272 1805 vulgatis
1299 1750 1328 1790 i.
1355 1764 1392 1791 e.
1428 1750 1633 1791 sententiis

204 1837 451 1892 quibusdam,
483 1848 580 1888 quas
611 1847 663 1874 ex
689 1831 866 1874 Senecae
891 1829 1072 1884 operibus
1098 1827 1305 1881 deperditis
1331 1834 1539 1868 servarunt
1567 1827 1632 1867 alii

204 1913 415 1969 scriptores
443 1911 565 1965 magis
597 1910 678 1951 suis
704 1908 835 1950 verbis
870 1920 980 1961 quam
1009 1905 1190 1945 auctoris.
1247 1903 1435 1944 Attamen
1452 1903 1633 1944 substitui

203 1992 244 2032 in
270 2004 404 2031 eorum
421 1990 548 2030 locum
573 1988 740 2042 quinque
761 1986 836 2026 alia
853 1983 1103 2038 Fragmenta,
1130 1995 1291 2036 quorum
1313 1994 1430 2021 unum
1455 1994 1508 2021 ex
1520 1978 1633 2022 Pauli

206 2067 379 2111 Sadoleti
402 2066 555 2108 schedis
577 2064 776 2106 Arnoldus
797 2060 1013 2102 Ferronius
1039 2058 1238 2115 proposuit
1268 2058 1306 2099 in
1330 2055 1633 2100 Commentariis

203 2146 244 2187 in
267 2144 581 2187 Consuetudines
599 2139 955 2196 Burdigalensium.
1005 2136 1134 2192 Lugd.
1153 2143 1275 2178 1565.
1291 2133 1348 2176 II.
1374 2150 1413 2191 p.
1434 2141 1528 2177 111.
1559 2135 1630 2189 (cf.

206 2224 257 2264 A.
286 2223 350 2264 W.
376 2221 579 2264 Cramers
600 2220 739 2262 kleine
761 2215 985 2271 Schriften
1006 2222 1083 2256 etc.
1105 2214 1302 2268 hernus-q.
1325 2227 1365 2254 υ.
1389 2213 1446 2254 H.
1462 2213 1631 2268 Raty'en.

204 2302 349 2355 Leipz.
378 2300 540 2352 1857.),
574 2305 739 2352 quatuor
764 2295 881 2337 edidit
909 2308 961 2335 ex
982 2292 1217 2333 membranis
1242 2291 1499 2332 bibliothecae
1520 2289 1634 2332 Vati-

205 2392 324 2419 canae
349 2377 399 2419 B.
425 2377 478 2419 G.
502 2375 744 2418 Niehulirius
768 2373 919 2414 Romae
944 2377 1067 2413 1820.
1127 2368 1303 2423 Utraque
1325 2375 1432 2409 certe
1456 2365 1634 2410 Senecae

207 2470 296 2498 esse
326 2462 503 2511 possunt.

318 2543 520 2599 Excerpta
555 2553 732 2595 quoque,
773 2551 872 2594 quae
902 2538 1031 2579 solent
1061 2535 1176 2577 adiici
1208 2532 1386 2576 Senecae
1419 2530 1630 2587 Operibus,

207 2636 281 2676 ego
313 2621 419 2662 nolui
452 2620 595 2670 edere,
638 2632 723 2658 cum
755 2616 833 2657 sint
865 2629 918 2656 ex
949 2614 1051 2671 Epp.
1074 2620 1116 2655 2.
1143 2618 1184 2655 4.
1209 2617 1251 2653 9.
1275 2615 1342 2652 14.
1369 2616 1438 2652 16.
1466 2614 1534 2651 17.
1562 2613 1629 2650 18.

207 2705 278 2741 20.
310 2705 380 2740 25.
413 2704 483 2740 56.
515 2702 585 2739 80.
618 2701 688 2738 81.
721 2700 790 2737 87.
823 2693 958 2749 petita.
