1812 3184
251 171 331 216 714
705 171 748 210 L.
778 169 975 211 ANNAEI
1006 170 1235 213 SENECAE

248 285 323 325 iter
344 297 456 324 suum
479 282 693 324 lentissime
724 281 840 323 efficit
867 282 998 338 grauis
1029 285 1117 326 est?
1156 283 1262 340 atqui
1281 282 1452 326 leuitatis
1478 284 1686 339 argund-

249 358 329 392 tum
356 346 494 401 habet,
526 349 627 404 quod
650 362 766 404 supra
787 355 939 390 ceteras
960 357 1034 391 est.
1095 349 1176 393 Sed
1199 351 1370 404 maiore,
1402 351 1575 407 .inquis‚”
1604 364 1687 392 am·-

247 418 329 459 bitu
352 417 490 458 circuit
512 430 584 458 nec
608 416 754 458 tardius
776 416 807 456 it
829 430 942 471 quam
966 422 1146 469 ceterae,
1187 418 1255 459 sed
1285 418 1454 474 longius.
1514 409 1686 461 Succurss-

245 491 307 525 rat
338 484 404 525 tibi
433 484 534 525 idem
559 485 605 525 de
628 483 790 524 cometis
814 497 876 525 me
901 497 1016 539 posse
1041 485 1196 540 dicere,
1239 485 1354 526 etiam
1371 485 1407 526 si
1431 485 1592 540 segnior
1611 485 1686 527 itus

212 568 229 594 ἰ
249 565 385 593 cursus
407 552 472 592 sit.
517 549 596 592 Sed
619 551 862 592 mendacium
883 558 944 592 est
963 551 1022 592 ire
1043 565 1112 593 eos
1137 551 1299 593 tardius.
1339 551 1445 594 Nam
1465 552 1570 594 intra
1591 565 1687 594 sex-

247 626 328 660 tum
353 632 527 659 mensem
552 617 745 658 dimidiam
769 618 868 658 coeli
891 625 1038 672 partem
1060 619 1216 660 transiit
1236 618 1298 659 hic
1319 608 1549 675 proximus,
1581 617 1688 674 prior

246 686 348 726 intra
370 685 574 740 pauciores
599 697 755 725 menses
778 685 928 741 recepit
951 699 1010 727 se.
1074 684 1152 727 Sed
1174 685 1263 740 quia
1283 699 1428 740 graues
1450 692 1556 737 sunt,
1587 685 1687 727 infe-

245 752 327 793 rius
351 752 591 793 deferuntur.
652 750 824 792 Primum
854 766 932 793 non
957 753 1133 794 defertur
1157 753 1258 810 quud
1282 753 1572 795 circumfertur.
1620 752 1688 793 de-

246 819 336 860 inde
358 819 419 859 hic
441 818 643 874 proximus
665 832 689 859 a
711 816 1000 874 Septemtrione
1025 826 1152 861 motus
1182 819 1242 861 sui
1272 820 1422 861 initium
1445 819 1540 860 fecit
1557 825 1598 860 et
1617 830 1688 874 per

247 884 502 928 Occidentem
524 888 565 926 in
577 883 799 926 Meridiana
822 887 1001 941 peruenit
1021 886 1256 940 erigensque
1278 897 1433 927 cursum
1455 899 1567 927 suum
1593 885 1690 927 obii-

213 969 229 994 3
248 953 334 994 tuit.
377 953 478 993 alter
498 952 564 992 ille
586 949 825 992 Claudianus
848 965 870 992 a
892 950 1182 1007 Septemtrione
1203 951 1365 1006 primum
1390 951 1500 992 uisus
1521 964 1601 992 non
1620 951 1690 993 do-

245 1019 312 1060 siit
332 1018 374 1059 in
393 1024 543 1058 rectum
562 1017 723 1058 adsidue
745 1018 888 1058 celsior
907 1017 1025 1069 ferri,
1058 1019 1183 1059 donec
1207 1018 1398 1059 excessit.
1459 1017 1569 1059 Haec
1595 1023 1688 1059 sunt

246 1098 346 1140 quae
367 1088 436 1125 a'ut
456 1083 555 1125 alios
574 1096 736 1124 mouere
756 1083 803 1124 ad
827 1091 1002 1125 cometas
1022 1085 1256 1140 pertinentia
1278 1092 1347 1126 aut
1365 1098 1460 1138 me„
1503 1083 1620 1140 Quae
1637 1098 1689 1127 an

246 1165 341 1193 uera
361 1151 442 1192 sint
462 1150 500 1191 di
521 1150 649 1191 sciunt
670 1150 808 1205 quibus
832 1158 892 1192 est
911 1151 1075 1193 scientia
1097 1152 1203 1194 ueri:
1247 1152 1360 1194 nobis
1382 1152 1525 1194 ‘rimari
1551 1152 1618 1193 iua
1648 1158 1690 1194 et

245 1219 473 1260 coniectura
493 1218 553 1258 ire
571 1218 613 1258 in
636 1218 788 1259 occulta
814 1225 958 1259 tantum
980 1218 1073 1260 licet
1094 1233 1167 1260 nec
1188 1233 1274 1260 cum
1298 1220 1435 1262 fiducia
1463 1218 1691 1261 inueniendi

247 1299 374 1340 neque
398 1285 482 1326 sinc
506 1298 591 1340 spe.
652 1283 799 1326 XXX.
830 1284 1003 1341 Egregie
1028 1284 1267 1328 Aristoteles
1297 1287 1352 1328 ait
1381 1300 1587 1342 numquam
1612 1299 1689 1328 vnos

246 1352 552 1394 uerecundiores
576 1366 665 1393 esse
688 1353 830 1394 debere
845 1384 856 1404 ‚
898 1367 1010 1407 quam
1035 1368 1120 1394 cum
1142 1354 1189 1394 de
1210 1353 1269 1393 dis
1292 1353 1437 1408 agitur.
1498 1352 1544 1395 Si
1567 1353 1689 1394 imru-

244 1444 368 1475 tardius
389 1443 531 1483 seruntur
551 1444 735 1482 graviora
758 1444 838 1473 sunt.
861 1452 944 1484 pro-

247 1487 306 1519 bat
327 1487 421 1518 Grut.
469 1484 562 1518 Idem
583 1486 621 1519 ci.
636 1501 680 1514 =
695 1488 856 1526 Quiane
879 1490 945 1519 tar-

247 1533 319 1564 dius
340 1533 481 1572 feruntur
503 1533 617 1570 gravia
640 1533 739 1563 sunt?
788 1531 892 1562 Gron.
905 1530 944 1562 ci.

246 1577 316 1611 (51'0
330 1598 368 1610 ..0
380 1574 450 1610 :⁵320
459 1588 505 1603 =
515 1576 541 1614 Q
552 1578 593 1607 ui
604 1585 624 1607 a
634 1586 655 1608 n
664 1585 680 1607 e
703 1576 826 1607 tardius
841 1577 945 1615 ferun-

246 1624 317 1659 tur,
341 1628 471 1661 graves
492 1621 590 1652 sunt?
637 1620 738 1655 {RuSt
753 1623 788 1657 -Ι-
808 1621 945 1659 Quia?

246 1674 326 1705 quae
348 1665 470 1696 tardius
493 1665 634 1704 feruntur
650 1666 766 1705 gravia
788 1665 885 1696 sunt?
921 1665 944 1695 Β

245 1710 498 1742 =lenissime
520 1710 624 1749 efficit.

292 1755 376 1794 quod
399 1763 458 1794 sup
468 1762 514 1786 ra
536 1757 651 1786 celeras
666 1757 763 1786 est=
773 1753 895 1789 BEGQ
907 1776 945 1790 ...

246 1799 293 1833 ὦ.
329 1799 374 1833 {Di
389 1820 426 1833 ..0
440 1798 473 1833 si
484 1813 530 1826 =
542 1800 624 1839 quod
634 1809 692 1840 sup
705 1809 720 1831 e
729 1809 746 1832 r
764 1803 880 1832 celeras
892 1803 945 1832 est.

295 1856 358 1887 Sed
374 1855 503 1894 maiore,
518 1856 571 1895 inq
582 1857 659 1895 uis,
683 1857 801 1887 ambitu
814 1869 860 1883 =
873 1856 946 1887 BEe

251 1899 394 1941 G(s.m.)
406 1896 465 1930 Ρ3.
478 1895 511 1930 4.
526 1898 588 1934 ᾶῙ.
601 1901 671 1934 (35ϊο
684 1922 719 1934 ...
733 1900 778 1935 ‹ff›
839 1899 944 1932 GCol.

250 1944 415 1980 932=Scd
437 1945 557 1976 maiore
581 1946 685 1985 inquis
707 1946 855 1977 habitu.
881 1944 944 1980 (52,

251 2012 289 2023 ...
302 1985 360 2024 24.
372 2002 418 2016 =
430 1989 494 2020 Sed
515 1991 634 2021 maiore
644 2013 654 2029 ‚
678 1991 730 2029 inq
739 1999 760 2020 ιι
770 1999 832 2021 am
842 2013 853 2030 ,
877 1999 947 2022 am-

251 2036 325 2065 bitu.
371 2034 554 2066 B=nisi
576 2035 698 2066 tardius
719 2035 761 2065 id
784 2044 880 2074 quam
899 2043 948 2066 ce-

250 2081 345 2111 terae.
403 2075 517 2112 (5102.
547 2082 582 2116 -ι-
607 2080 861 2118 Saccus-ratque
894 2080 948 2110 tibi

252 2127 367 2154 contra
392 2126 497 2153 mstos
522 2122 621 2153 etiam
644 2121 733 2153 Pinc.
760 2123 820 2153 Gr.

295 2167 377 2198 idem
399 2165 436 2196 de
461 2168 584 2198 cometis
604 2175 653 2197 me
674 2175 762 2204 posse
785 2167 884 2198 dicere
902 2181 948 2194 ==

250 2211 309 2243 Ee,
379 2210 405 2240 B
419 2223 465 2236 =
483 2212 565 2243 idem
588 2219 636 2242 me
660 2211 698 2241 de
721 2211 844 2241 cometis
865 2211 948 2242 dice-

249 2265 283 2287 re
304 2264 403 2295 posse.
452 2255 524 2290 GQ
538 2278 548 2290 .
562 2277 572 2288 .
588 2277 599 2288 .
613 2255 645 2289 si
665 2268 711 2282 =
733 2255 816 2286 idem
838 2264 887 2286 me
910 2255 948 2286 de

250 2302 373 2331 cometis
402 2310 491 2340 posse
513 2301 624 2332 dicere.
673 2299 697 2331 B
720 2316 761 2323 -
784 2300 848 2331 illis
870 2304 949 2342 post

250 2353 382 2384 segnior.

295 2388 330 2421 2.
355 2389 379 2419 Β
393 2405 439 2418 =
455 2399 504 2422 eos
528 2391 572 2421 ire
595 2390 728 2420 tardius.

295 2436 463 2467 dimidiam
488 2436 563 2466 coeli
584 2437 706 2473 partem
730 2435 887 2465 transiit
903 2447 948 2461 =

249 2478 308 2510 Ee.
387 2479 443 2511 BG
455 2480 488 2514 ΣΒ
500 2503 511 2513 .
525 2501 536 2513 .
549 2501 558 2513 0
574 2480 603 2512 π
618 2493 662 2505 =
684 2478 851 2509 dimidiam
873 2480 949 2510 coeti

248 2527 370 2563 partem
414 2525 658 2556 transcurrit.
717 2522 766 2554 sG
786 2537 832 2550 =
853 2525 949 2555 inter

249 2570 412 2607 pauciores
435 2578 479 2601 m.
527 2569 645 2600 B=se
668 2568 790 2607 recepit.

296 2626 473 2664 erigensque
496 2632 621 2656 cursum
652 2632 744 2655 suum
768 2625 885 2655 oblituit
905 2638 949 2651 =

252 2668 335 2699 BEe.
404 2668 500 2703 GOEl.
515 2691 552 2703 ...
566 2668 597 2702 5?
609 2682 656 2695 2=
667 2670 843 2708 eriyensque
858 2677 950 2700 suum

250 2722 375 2744 cursum
399 2715 527 2745 obticuit.
573 2713 606 2748 ΞΒ
620 2727 667 2741 =
685 2714 802 2753 erigens
824 2722 950 2744 cursum

252 2758 435 2797 obliquo.
481 2756 540 2790 Ρ3.
558 2771 605 2785 ²==
624 2760 802 2798 eriyensque
825 2767 951 2789 cursum

252 2811 270 2832 ο
280 2802 298 2832 b
307 2803 318 2832 l
328 2803 338 2832 i
349 2811 367 2842 q
379 2812 400 2833 u
411 2812 428 2833 ο
451 2803 504 2833 id.
552 2800 610 2834 P-si.
635 2801 708 2835 Col.
720 2816 764 2830 =
775 2803 951 2842 erigensque

254 2855 344 2877 suum
369 2855 494 2879 cursum
518 2847 677 2879 obticuit·
710 2846 829 2890 probat
853 2847 949 2879 Grut.

1034 1441 1066 1474 3.
1091 1440 1262 1476 P3..Q}(Sl.
1285 1457 1331 1470 =
1352 1443 1478 1475 assidue
1499 1443 1685 1475 celerior

989 1489 1075 1528 ferri.
1120 1487 1145 1517 B
1159 1501 1202 1514 =
1217 1487 1351 1519 adsidue
1372 1488 1483 1519 celsior
1503 1488 1621 1527 fieri.
1659 1488 1686 1520 B
1706 1493 1709 1495 “

990 1547 1035 1559 =
1057 1533 1143 1563 Haec
1166 1534 1237 1562 sunt
1259 1541 1339 1572 quae
1362 1533 1406 1564 ad
1438 1534 1572 1565 cometas
1583 1533 1687 1572 ¹perti-

990 1578 1095 1608 neniia
1125 1579 1180 1607 aut
1212 1577 1292 1608 alios
1322 1585 1443 1608 movere
1473 1579 1529 1608 aut
1549 1581 1608 1609 me.
1655 1574 1686 1608 G

992 1622 1105 1662 (mm)
1126 1634 1172 1648 =
1191 1630 1271 1661 quae
1294 1622 1349 1653 ad
1376 1622 1456 1653 alios
1476 1630 1608 1654 movere.
1655 1620 1687 1654 G

993 1667 1102 1706 (sm.)
1112 1666 1211 1697 =ad
1234 1669 1329 1697 comet
1339 1668 1383 1697 is.
1407 1664 1466 1698 1²3.
1478 1680 1524 1693 =
1533 1675 1613 1707 quae
1632 1674 1654 1697 a
1663 1665 1687 1697 d

992 1713 1072 1743 alios
1101 1719 1222 1742 movere
1254 1713 1388 1743 cometus
1417 1712 1605 1751 pertinentia
1632 1714 1688 1742 aut

991 1765 1049 1788 me.
1095 1752 1155 1787 P4.
1172 1753 1241 1786 Col.
1255 1756 1288 1790 §B
1301 1770 1345 1782 =
1358 1764 1438 1796 quae
1451 1758 1507 1787 aut
1528 1757 1608 1787 alios
1619 1764 1685 1787 mo-

990 1809 1059 1832 vere
1083 1802 1216 1832 cometas
1234 1801 1316 1840 perti
1324 1809 1375 1833 na
1386 1801 1465 1840 cia,
1489 1803 1544 1832 aut
1560 1809 1619 1832 me.
1655 1799 1686 1830 G

993 1846 1087 1885 (sm)
1107 1859 1152 1872 =
1170 1853 1249 1884 quae
1282 1855 1325 1877 an
1358 1848 1514 1877 natura
1547 1846 1608 1877 sint
1638 1845 1685 1877 dii

991 1892 1100 1922 sciunt.
1122 1887 1239 1922 1³3.-=
1251 1898 1331 1929 quae
1353 1899 1396 1922 an
1416 1898 1492 1922 vera
1513 1891 1575 1922 sint
1595 1890 1686 1922 dis-

992 1937 1171 1969 cutiunt·
1217 1933 1312 1966 Forte
1335 1932 1686 1969 ᾰῖοοοσῶθὶαςππ

993 1981 1080 2020 Quae
1113 1988 1156 2011 an
1188 1987 1264 2011 vera
1306 1980 1393 2018 sint,
1428 1979 1685 2011 discutiant.

995 2022 1135 2066 (Koeler
1157 2021 1197 2054 ci.
1218 2037 1264 2051 =
1282 2024 1326 2056 id
1361 2024 1392 2055 ii
1415 2022 1540 2065 sciunt).
1585 2022 1619 2058 §B
1641 2036 1687 2050 ===

995 2070 1085 2108 Quod
1108 2078 1188 2100 ann
1198 2077 1214 2101 e
1224 2078 1247 2100 x
1258 2078 1279 2100 a
1302 2070 1362 2100 sint
1381 2068 1427 2100 dii
1448 2069 1559 2100 sciunt.
1585 2067 1686 2110 Bong.

995 2124 1035 2144 ex
1058 2111 1128 2143 Cui.
1150 2126 1196 2140 =
1218 2114 1305 2152 Quae
1337 2122 1379 2145 an
1407 2121 1483 2146 vera
1500 2113 1575 2147 *sint
1607 2113 1688 2144 diis
1716 2111 1720 2113 ’

993 2167 1009 2188 c
1020 2167 1041 2187 ιι
1051 2166 1108 2196 ra,
1131 2159 1250 2196 quibus.
1275 2158 1327 2189 BE
1343 2155 1401 2188 1²4.
1415 2155 1486 2190 Col.
1499 2155 1591 2190 Anio.
1603 2155 1686 2189 Soal.

993 2199 1095 2232 Trist.
1117 2200 1226 2241 plures
1251 2200 1349 2232 codd.
1362 2201 1439 2243 Ops.
1457 2212 1507 2232 ω.
1541 2200 1686 2243 (ἕρπω)

993 2243 1086 2275 Fort.
1111 2243 1168 2275 Gr.
1180 2245 1213 2279 ⁵23
1226 2267 1236 2278 .
1252 2267 1262 2278 .
1276 2266 1286 2277 .
1299 2245 1506 2284 Θεᾳαίὸιιε
1527 2248 1571 2276 est
1593 2254 1687 2278 sen-

995 2290 1131 2320 tentia
1154 2289 1230 2320 veri.
1276 2289 1330 2320 BE
1344 2288 1445 2331 Bong.
1468 2298 1508 2320 ex
1529 2287 1663 2323 cato».

1039 2336 1067 2364 et
1088 2334 1278 2365 coniectura
1298 2334 1362 2365 ire
1385 2334 1417 2365 in
1441 2333 1577 2365 occulta
1598 2348 1644 2362 =
1662 2334 1686 2366 Β

997 2378 1044 2410 Ee
1054 2377 1120 2409 mG
1134 2375 1230 2408 codd.
1244 2376 1322 2421 Ops.
1332 2378 1402 2412 (51⁵0
1413 2375 1482 2412 332.
1549 2376 1618 2413 mi.
1629 2379 1688 2414 {Ru

994 2423 1080 2458 st=
1093 2425 1121 2454 et
1144 2423 1318 2454 coniectura
1334 2424 1378 2454 ire
1400 2424 1432 2454 in
1456 2423 1599 2455 occulto.
1628 2420 1688 2458 1³3.

993 2469 1078 2498 ==et
1100 2467 1294 2500 iecturare
1316 2468 1519 2499 inocculta.
1552 2469 1687 2500 tamen

994 2514 1071 2544 licet.
1119 2511 1148 2542 G
1159 2509 1218 2543 1³4.
1234 2510 1304 2543 Col.
1318 2510 1380 2546 ΕΙ.
1393 2534 1431 2546 ...
1444 2508 1500 2546 ἓ-Ῑ.
1510 2515 1592 2544 =et
1614 2522 1688 2545 con-

994 2559 1178 2588 iecturare
1202 2557 1234 2588 in
1257 2558 1398 2589 occulto.
1444 2556 1478 2592 §B
1498 2570 1546 2584 =
1568 2560 1596 2591 et
1617 2566 1689 2590 con-

994 2603 1150 2633 iecture
1173 2602 1205 2632 in
1228 2603 1371 2634 occulto.

1040 2654 1171 2686 neque
1194 2647 1259 2677 sine
1280 2655 1389 2686 spe=
1404 2646 1442 2678 E.

996 2690 1029 2724 st
1040 2704 1086 2718 =
1096 2700 1118 2722 n
1127 2699 1142 2723 e
1151 2699 1167 2722 c
1190 2692 1255 2722 sine
1277 2699 1340 2731 spe.

1235 2757 1315 2800 Cap.
1338 2758 1455 2791 XXX.

1042 2802 1088 2833 Ee
1104 2805 1138 2841 -1-
1156 2803 1202 2834 ait
1233 2806 1276 2834 ut
1299 2812 1470 2843 nunquam.
1516 2803 1542 2834 B
1555 2801 1627 2834 Col.
1644 2820 1687 2826 --

997 2847 1036 2878 de
1059 2853 1139 2881 ante
1153 2847 1202 2879 dis
1222 2849 1337 2888 ayilur.
1382 2845 1439 2880 1‘3.
1508 2856 1603 2887 quam
1617 2854 1687 2879 cum

1511 2645 1687 2681 BGffi...
